2782 4734
605 562 784 626 ..21-

170 728 208 791 ut
228 719 442 788 multitudini
464 722 612 806 placeat,
633 724 807 788 oratorem
837 723 972 804 oportet
997 719 1089 803 loqui
1114 739 1237 788 secun·

169 831 253 896 dum
296 826 449 914 speciem
489 827 614 913 maj0ri
647 846 793 895 numero
835 824 1118 913 acceptissimam
1161 828 1236 895 sive

170 935 368 1023 opinionem
389 933 715 1002 communissimam
727 956 736 1022 3
758 939 797 1002 nt
818 932 883 1000 sihi
903 931 1103 1000 auditorum
1124 933 1238 1002 conci-

169 1042 232 1111 liet
250 1042 400 1121 animm,
413 1040 506 1107 idem
522 1040 714 1108 maximam
731 1039 828 1107 dabit
842 1058 985 1126 operam
1001 1049 1040 1106 ut
1054 1039 1090 1106 id
1106 1040 1238 1127 perspi-

171 1148 241 1216 ciat
267 1152 300 1216 et
326 1147 442 1215 verhis
471 1146 645 1234 exprimat
674 1149 764 1233 quod
793 1151 875 1214 ante
913 1145 1032 1213 omnia
1060 1146 1238 1215 auditores

171 1258 291 1323 colunt
306 1273 347 1322 ao
366 1253 532 1338 diligunt.
551 1257 665 1331 Quare
686 1242 899 1337 Protagoras
920 1255 1085 1339 populum
1113 1252 1239 1321 delinit

172 1360 303 1448 pulcris
333 1362 376 1428 de
397 1363 485 1427 hono
512 1364 546 1427 et
571 1360 699 1428 virtute
723 1358 1038 1428 declamationibus
1063 1364 1124 1427 aut
1147 1379 1240 1427 corn-

172 1467 336 1536 munihns
356 1467 486 1534 diserte
501 1469 693 1552 decoreque
712 1468 756 1534 ad
772 1486 876 1534 aures
894 1468 1060 1550 vulgares
1081 1486 1237 1535 accomo-

171 1574 263 1643 datis
289 1573 376 1642 locis
397 1575 459 1659 (l),
486 1574 548 1641 sed
576 1593 695 1642 coram
727 1572 865 1654 amicis,
894 1572 988 1640 intra
1016 1572 1181 1660 parieles
1203 1578 1242 1642 ut

173 1683 291 1750 sucum
307 1679 426 1762 faciat,
444 1699 519 1748 suae
534 1680 735 1766 praestigias
754 1699 876 1748 omues
889 1679 1145 1766 innumeraque
1158 1680 1241 1748 arti-

173 1787 253 1855 ficia
280 1786 488 1872 eloquentiae
513 1787 622 1855 libere
654 1787 820 1874 explicat,
849 1795 939 1865 θέσεις
965 1785 1039 1853 sive
1069 1785 1241 1874 ancipites

172 1893 426 1981 disputationes
447 1892 559 1975 eligit,
584 1893 652 1960 «in
672 1893 798 1979 quihus
818 1895 861 1960 de
881 1892 1046 1961 universo
1061 1912 1191 1977 genere
1204 1893 1240 1959 in

172 2005 357 2085 utramque
368 2007 504 2086 partem
515 1999 642 2068 disseri
658 2000 740 2068 licet
750 2002 811 2086 (2),
829 2027 841 2060 »
862 2019 955 2068 nunc
969 2002 1034 2068 hoc
1051 2019 1144 2068 nunc
1154 1999 1240 2067 illud

172 2107 339 2188 defendit,
361 2107 410 2174 ita
438 2112 477 2175 nt
497 2106 646 2175 miscere
672 2106 850 2174 contraria
874 2111 909 2173 et
935 2106 1164 2175 reconciliare
1191 2105 1242 2172 vi·

172 2217 308 2281 deatnr.

217 2325 305 2389 Dum
326 2324 538 2405 Protagoras
563 2322 818 2407 quodammodo
836 2340 914 2388 esse
943 2320 1075 2406 aliquid
1097 2320 1242 2401 fatetur,
1294 2365 1296 2369 .

175 2427 325 2511 Gorgias
350 2431 472 2495 contra
499 2427 586 2494 nihil
623 2447 701 2495 esse
727 2429 956 2495 demonstrat.
980 2430 1057 2509 Sed,
1082 2427 1243 2513 quamvis

174 2533 266 2624 alius
299 2533 397 2602 alind
434 2534 541 2616 dicat,
572 2534 754 2619 utriusque
791 2533 950 2602 doctrina
984 2536 1119 2602 fructus
1152 2533 1245 2621 parit
1288 2562 1294 2569 ⁸

173 2643 327 2708 eosdem.
345 2640 481 2707 Etenim
502 2640 651 2725 Gorgias
673 2643 839 2709 adfirmat
860 2640 946 2707 nihil
961 2660 1059 2726 esse3
1080 2642 1246 2707 adfirmat

176 2746 286 2831 igitur
307 2752 342 2814 et
367 2745 453 2813 nihil
478 2767 556 2815 esse
585 2750 745 2816 absoluto
772 2750 887 2828 mod0,
918 2767 1030 2833 neque
1055 2747 1242 2814 scientiam

176 2873 286 2938 neque
315 2872 388 2920 rem
410 2855 578 2921 moralem
603 2874 715 2940 neque
735 2875 809 2922 rem
829 2853 1020 2941 politicam,
1042 2858 1076 2921 et
1095 2856 1237 2922 demum

175 2979 297 3026 omnes
317 2959 498 3027 hominnm
521 2960 776 3047 disputationes
801 2963 844 3028 de
870 2960 1052 3047 speciebus
1080 2959 1168 3027 fieri.
1193 2964 1246 3026 lta
1348 2959 1351 2966 '

175 3070 226 3147 ut,
247 3068 338 3151 quod
362 3086 424 3133 nos
445 3069 489 3133 ad
515 3072 675 3135 nostrum
700 3069 894 3134 Phaedram
923 3067 1070 3148 reducit,
1095 3093 1108 3126 (ι
1146 3068 1243 3133 nullo

179 3200 192 3232 l
221 3177 323 3259 pacto
337 3172 520 3241 veritatem
535 3173 714 3260 possidere
729 3179 887 3260 oporteat
903 3173 1011 3260 jostis
1037 3173 1181 3241 honisve
1202 3175 1246 3239 de

179 3304 192 3338 κ
223 3281 338 3361 rebus,
360 3279 545 3347 autetiam
566 3281 609 3347 de
624 3279 824 3348 hominihus
845 3279 904 3366 qui
919 3282 1007 3348 tales
1036 3299 1099 3347 seu
1119 3282 1247 3347 natura

179 3411 192 3445 ι(
222 3390 305 3453 snut
333 3404 395 3453 seu
415 3386 633 3467 educatione,
662 3386 763 3456 illum
782 3387 841 3472 qui
865 3388 1003 3457 futurus
1033 3386 1079 3453 sit
1099 3384 1245 3454 idonens

180 3519 193 3552 ‹
223 3493 355 3560 rhetor.
379 3495 487 3560 Nemo
506 3496 559 3561 est
574 3493 668 3560 enim
688 3493 794 3580 quiin
812 3493 957 3580 Judiciis
969 3494 1111 3561 illarum
1128 3511 1245 3560 rerum
1333 3558 1336 3562 .

214 3702 251 3772 (ll
267 3701 366 3774 Neque
381 3703 510 3758 Socrates
535 3705 594 3775 ipse
618 3712 758 3760 oratorem
782 3711 856 3760 vetat
881 3706 950 3760 locis
973 3705 1012 3760 uti
1037 3703 1245 3768 communibus

178 3789 315 3854 quatenus
337 3783 365 3838 id
388 3784 542 3854 legitimum
564 3785 599 3839 sit
620 3792 648 3839 et
668 3780 870 3846 necessarium.
897 3807 907 3836 r
931 3785 997 3841 Ἀλλ
1006 3785 1019 3849 ',
1043 3778 1123 3856 οἶμαι,
1146 3783 1176 3836 τὰ
1202 3783 1245 3856 pls

182 3888 189 3909 ι
213 3868 314 3916 τοιαῦτα
330 3861 403 3917 ἐατέα
416 3867 455 3918 καὶ
471 3866 629 3936 supposita
641 3865 747 3937 λέγοντι,
767 3888 777 3916 r
798 3865 926 3931 Phaedr.‚
941 3865 994 3921 236
1009 3867 1041 3920 A.

217 3942 253 4013 (2)
270 3944 381 4012 Crosa,
398 3945 433 3998 de
448 3945 510 4014 Or„
527 3945 574 4015 III,
596 3945 641 3999 al.
