2782 4734
602 554 779 620 ..30-

160 717 243 782 dere
263 713 422 801 videtur3
441 715 501 780 sed
516 713 682 800 primum,
698 713 861 798 quoniam
883 715 1040 781 rhetores
1064 713 1229 798 dicend0,

159 825 331 909 perpetua
349 825 383 887 et
398 818 603 887 continuata
623 821 792 902 oratione,
815 820 989 902 homines,
1011 841 1081 889 nou
1101 841 1229 903 unum,

160 930 255 996 hunc
274 926 467 1008 armillum,
490 928 692 1014 separatim,
713 932 750 996 at
769 931 887 1015 plures
902 933 1137 1013 congregatos
1152 949 1232 1017 per-

161 1036 310 1103 suadere
337 1033 508 1118 gestiunt,
541 1034 756 1102 adminiculo
779 1040 884 1103 rectae
916 1034 1062 1103 rationis
1102 1036 1230 1126 fretus,

161 1161 306 1209 neccsse
319 1160 398 1209 esse
417 1141 595 1208 contendit
614 1161 673 1208 eos
689 1141 871 1209 veritatem
894 1161 1013 1210 rerum
1035 1144 1077 1209 de
1101 1143 1232 1227 quibus

161 1253 274 1332 agunt
299 1253 380 1316 ante
411 1247 529 1315 omnia
556 1248 720 1316 novisse:
741 1253 778 1316 at
801 1249 838 1316 in
858 1251 923 1317 hoc
949 1252 1127 1318 Socratem
1157 1255 1234 1318 tota

161 1372 280 1422 errare
300 1354 358 1421 via
377 1355 547 1422 Phaedrus
567 1354 731 1443 opinatur
755 1355 814 1440 qui
841 1380 859 1418 α
880 1358 987 1424 hocce
1006 1357 1108 1423 modo
1128 1358 1232 1425 eade

164 1488 177 1522 a
206 1481 243 1529 re
273 1461 488 1529 disserentes
522 1462 712 1530 audivit...:
754 1481 823 1530 non
856 1472 1015 1549 oportere
1052 1466 1231 1531 oratorem

163 1573 363 1636 «futurum
392 1587 433 1634 ea
463 1587 542 1653 quae
571 1588 693 1636 revera
717 1568 816 1655 J'usta
845 1569 916 1636 sint
941 1568 1071 1652 doceri,
1095 1571 1157 1636 sed
1188 1590 1233 1638 ea

164 1702 176 1735 a
205 1695 283 1761 quae
302 1675 387 1742 talia
416 1675 601 1743 videantur
628 1676 857 1757 multitudini,
885 1696 990 1760 quam
1018 1696 1124 1764 penes
1146 1684 1233 1746 sunt

164 1808 177 1842 t
202 1781 348 1868 judicia,
370 1801 482 1867 neque
509 1801 551 1850 ea
575 1802 653 1868 quae
681 1801 763 1850 vere
793 1785 884 1850 bona
911 1788 972 1851 aut
1001 1785 1137 1871 pulcra,
1167 1787 1231 1851 sed

164 1914 177 1949 r
205 1888 322 1956 omnia
337 1908 414 1975 quae
433 1889 632 1957 videantur:
649 1909 693 1956 ex
712 1888 756 1956 iis
782 1889 876 1957 enim
906 1891 1057 1977 pendere
1080 1891 1231 1958 fuculta-

165 2024 177 2056 (ι
206 2000 276 2063 tem
293 1995 538 2082 persuadendi,
565 1998 661 2064 nullo
677 1997 777 2064 modo
791 2016 810 2064 e
823 1997 969 2065 veritate
990 1997 1050 2083 (l).
1071 2023 1085 2058 s
1109 2000 1231 2065 Socra-

162 2109 214 2170 tes
227 2122 310 2170 vero
330 2102 499 2190 placitum
514 2102 601 2172 illud
621 2103 858 2190 sophistarum
873 2124 916 2172 ao
929 2107 1122 2186 rhetorum,
1140 2105 1231 2171 veri-

162 2210 277 2278 simile
292 2210 408 2294 magis
428 2230 533 2295 quam
554 2230 675 2278 verum
695 2212 739 2278 ad
759 2214 1042 2299 persuadendum
1072 2212 1229 2293 efficere,

162 2318 256 2385 haud
285 2320 394 2385 semel
414 2322 553 2400 tractat,
577 2320 755 2399 retractat,
779 2317 918 2404 penitus
938 2317 1082 2400 excutit,
1104 2324 1139 2385 et
1159 2321 1231 2386 me-

161 2425 240 2507 rite,
262 2425 344 2510 quia
370 2425 436 2493 hoc
455 2428 509 2492 est
534 2424 641 2492 totius
662 2424 874 2511 sophisticae,
896 2425 1080 2493 rhetoricae
1103 2426 1231 2493 funda-

161 2535 330 2600 mentum.
350 2532 416 2599 Sed
435 2549 516 2598 ecce
530 2531 712 2617 proferunt
731 2531 837 2599 etiam
857 2531 957 2618 pejus
978 2531 1060 2617 quid
1076 2538 1110 2598 et
1124 2533 1232 2599 auda-

161 2637 250 2707 cius.
267 2640 411 2725 Nempe,
424 2637 483 2722 qui
494 2637 570 2725 jam
584 2638 817 2706 adfirmavere
826 2638 958 2706 rhetori
970 2647 1007 2707 ut
1019 2640 1230 2726 persuadeat

162 2744 294 2813 nullius
323 2764 401 2814 esse
439 2744 606 2812 momenti
632 2745 830 2827 veritatem,
863 2745 982 2828 iidem,
1010 2746 1041 2813 si
1068 2746 1123 2813 vir
1149 2746 1229 2832 quis

161 2852 345 2920 veritatem
365 2852 479 2940 ipsam
498 2851 634 2920 invenit
659 2857 693 2919 et
712 2852 908 2938 occupavit,
930 2852 1030 2920 illum
1046 2854 1230 2920 declarant

74 2968 81 2979 ‘
162 2979 231 3027 non
254 2958 323 3027 nisi
354 2959 528 3027 rhetorica
551 2959 640 3027 duce
671 2964 705 3027 et
731 2959 904 3046 adjutrice
926 2962 1011 3027 hene
1027 2966 1062 3028 et
1080 2959 1231 3028 feliciter

161 3085 265 3154 posse
284 3065 412 3149 dicere,
433 3071 615 3150 artemque
646 3065 784 3133 dicendi
809 3068 946 3133 nullum
977 3086 1058 3134 cum
1081 3065 1231 3153 philoso-

161 3173 245 3261 phia
273 3174 402 3241 hahere
432 3172 622 3257 negotium.
653 3199 666 3234 «
700 3176 726 3241 O
756 3173 998 3241 mirabilest...
1036 3176 1232 3261 proclamat

164 3307 178 3343 a
207 3280 393 3364 rhetorica,
413 3300 480 3366 ego
498 3282 633 3348 nullum
653 3300 738 3347 vera
751 3280 975 3365 ignorantem
995 3300 1082 3365 cogo
1102 3284 1141 3349 ut
1159 3281 1231 3348 dis-

164 3415 178 3450 «
207 3391 265 3457 cat
283 3407 396 3471 orare,
419 3390 493 3468 sed,
515 3386 545 3454 si
566 3386 644 3473 quis
669 3407 748 3454 mea
769 3387 918 3455 consilia
942 3393 1122 3473 sequatur,
1143 3390 1230 3474 poti-

165 3523 178 3557 a
206 3498 264 3563 tus
298 3494 444 3563 veritate
478 3494 529 3562 sic
563 3513 619 3562 rue
649 3494 853 3582 occupatum
878 3499 981 3580 atque
1010 3496 1076 3562 hoc
1103 3494 1228 3579 igitur,

166 3631 179 3666 a
206 3603 298 3689 quod
314 3621 497 3687 maguum,
518 3601 609 3683 dico,
632 3603 779 3670 sinemo
799 3603 854 3669 vel
870 3621 963 3684 eum,
978 3601 1037 3687 qui
1056 3602 1230 3671 essentias

201 3892 237 3963 p)
262 3891 386 3951 aiau,
404 3891 456 3945 noo
471 3892 504 3946 n.
