2782 4734
662 606 840 678 -c8-

221 795 311 843 caeco
324 774 383 859 qui
398 772 532 842 inscius
562 775 616 840 vel
649 773 754 840 etiam
792 772 923 840 invitus
954 775 1085 840 rectam
1120 774 1289 856 sequatur

218 883 323 948 viam.
348 884 449 948 Nunc
479 879 714 964 intelligentia
751 879 882 947 amoris
912 898 1011 966 opem
1045 882 1079 946 et
1112 877 1287 946 auxilium

217 990 439 1072 dedignetur,
485 987 558 1054 suis
593 986 704 1073 ipsius
742 990 905 1054 contenta
938 985 1071 1053 viribus
1109 988 1287 1072 pulcrum,

217 1097 347 1163 bonum
364 1099 398 1161 et
418 1113 539 1162 verum
559 1098 669 1161 tentet
683 1093 871 1177 attingere.
888 1113 968 1160 mox
978 1092 1135 1177 graviter
1151 1092 1290 1161 decidet

217 1202 253 1268 in
284 1206 429 1282 terram,
460 1202 570 1268 fracta
607 1205 640 1268 et
674 1191 879 1282 immobilis,
911 1220 1022 1285 neque
1056 1203 1112 1267 vel
1143 1200 1290 1268 minime

217 1326 406 1392 assurgere
426 1308 609 1375 conabitur
623 1310 668 1374 ad
684 1327 885 1394 supremam
902 1307 1175 1394 pulcritudinem
1186 1307 1289 1394 cujus

218 1417 383 1502 splendor
414 1413 628 1499 longinquus
658 1420 736 1481 eam
763 1416 914 1482 delectat
938 1419 972 1482 et
1009 1414 1188 1482 sollicitat.
1225 1417 1290 1481 Sed

217 1542 297 1590 ecce
308 1541 406 1589 amor
419 1521 689 1605 intelligentiam
702 1521 768 1588 alis
785 1521 928 1589 instruit
939 1521 1063 1606 quihus
1075 1523 1120 1588 ad
1128 1523 1290 1588 caelestes

112 1638 114 1642 ’
219 1629 383 1713 regiones
399 1627 486 1699 levis
506 1631 540 1694 et
555 1628 639 1694 felix
659 1630 785 1695 avolet.
805 1629 942 1695 Etenim
960 1631 1059 1695 Plato
1074 1628 1166 1696 mira
1182 1628 1290 1696 subti-

219 1737 328 1814 litate,
350 1735 438 1802 miro
461 1735 596 1820 ingenii
616 1735 778 1803 acumine
802 1735 1032 1822 deprehendit
1055 1739 1090 1803 et
1122 1724 1312 1804 discrevit

218 1847 348 1927 quanto
369 1847 542 1910 momento
561 1844 606 1909 ad
625 1841 870 1926 intelligentiae
895 1862 1123 1929 progressum
1159 1863 1291 1910 areana

220 1949 265 2016 sit
280 1949 410 2016 amoris
432 1948 598 2034 potentia.
621 1949 799 2033 Intellegit
817 1949 1087 2037 philosophiam,
1113 1950 1144 2017 si
1165 1954 1291 2018 natura

219 2057 296 2141 ipsa
326 2055 504 2122 hominem
528 2055 648 2122 divina
689 2056 750 2122 illa
792 2055 974 2141 sapientiae
1021 2056 1185 2144 cupidine
1224 2076 1291 2124 non

219 2162 449 2249 implevisset,
464 2181 542 2229 esse
562 2182 630 2229 nou
651 2162 817 2249 potuisse.
848 2166 956 2230 Amor
984 2168 1018 2231 et
1036 2163 1291 2249 intelligentia,

221 2270 361 2338 animus
381 2274 415 2336 et
430 2289 529 2337 mens
543 2270 724 2338 dialectice
739 2290 849 2338 unum
864 2276 898 2338 et
915 2273 1076 2338 eumdem
1094 2274 1201 2340 finem
1218 2290 1292 2359 per-

182 2464 185 2469 >
222 2381 426 2463 sequuntur.
444 2381 487 2444 At
508 2377 615 2458 enim,
637 2397 736 2445 amor
752 2363 1035 2464 pulcritudinem,
1056 2378 1293 2464 intelligentia

222 2483 404 2551 veritatem
435 2483 609 2570 praecipue
641 2484 792 2570 appetit:
828 2503 914 2568 ergo
952 2484 1063 2551 amori
1097 2489 1131 2552 et
1167 2485 1295 2554 iutelli-

223 2589 437 2674 gentiaenou
472 2595 525 2657 est
557 2609 647 2665 unus
682 2589 762 2656 linis
794 2591 992 2677 propositus
1022 2596 1063 2682 et·
1087 2591 1193 2660 idem.
1229 2595 1294 2662 Sed

223 2716 346 2764 revera
360 2699 521 2783 pulcrum
541 2701 575 2763 et
590 2716 712 2764 verum
732 2702 814 2764 sunt
834 2717 905 2764 rma
920 2701 953 2764 et
974 2700 1095 2764 eadem
1123 2718 1193 2766 res.
1216 2703 1296 2768 Pul-

223 2823 337 2884 crum,
358 2808 397 2871 ut.
423 2803 473 2870 ait
491 2806 604 2884 Plato,
625 2806 790 2890 splendor
805 2808 859 2872 est
877 2796 911 2872 et
931 2805 1048 2872 lucida
1067 2805 1186 2890 imago
1207 2808 1293 2875 veri.

225 2911 383 2978 Primum
399 2910 667 2977 admirationem
681 2910 799 2978 auimo
813 2911 977 2997 injiciunt
987 2916 1021 2978 et
1036 2931 1115 2979 eum
1128 2918 1297 2999 tauquam

223 3020 567 3104 provocantpulcrae
587 3017 722 3098 formae,
744 3018 858 3103 pulcri
878 3020 1026 3100 colores,
1053 3019 1165 3105 pulcri
1205 3022 1296 3103 soni,

223 3145 293 3193 uno
304 3128 409 3192 verbo
422 3124 569 3211 physica
578 3127 640 3192 aut
653 3144 731 3208 quae
743 3143 868 3192 sensus
879 3125 1032 3193 adfectat
1055 3129 1090 3194 et
1099 3129 1299 3214 praesertim

227 3232 372 3299 humani
388 3231 543 3318 corporis
564 3231 773 3316 pulcritudo.
796 3234 904 3299 Amor
928 3236 1063 3301 tantum
1091 3234 1298 3321 pulcritudi-

226 3357 320 3418 nem,
338 3337 503 3423 quoniam
519 3337 612 3405 inter
624 3357 746 3405 omnes
762 3342 930 3405 essentias
942 3340 1096 3408 maxime
1111 3341 1300 3429 perspicua

225 3448 279 3511 est
297 3448 331 3511 et
355 3444 598 3512 desiderabilis
624 3434 852 3531 (ἐκφανέστατα)
891 3445 960 3512 εἶναι
992 3453 1040 3514 axi
1056 3533 1058 3537 ,
1074 3451 1297 3535 ἑρασμιώτκτον,

226 3553 383 3634 Phoedr,
404 3554 471 3619 250
493 3554 533 3637 D)
559 3552 741 3638 praesentit
771 3556 806 3619 et
833 3554 945 3620 oculis
972 3555 1131 3642 percipit,
1173 3558 1299 3645 quippo

226 3678 375 3743 quorum
396 3679 524 3727 sensus
545 3658 647 3725 sitin
668 3659 767 3727 nobis
781 3659 989 3728 acerrimus
1012 3662 1077 3728 Sed
1091 3665 1157 3730 sub
1169 3664 1299 3750 pulcri·

225 3765 346 3833 tudine
368 3765 467 3850 quasi
488 3768 656 3834 odoratur
676 3766 898 3852 sapientiam,
930 3787 1034 3851 quam
1068 3787 1149 3836 mox
1189 3773 1299 3838 solam

228 3877 384 3939 sectatur
408 3880 442 3940 ot
472 3875 605 3938 adorat.
640 3875 771 3958 Corpus
807 3873 944 3958 linquit,
980 3874 1138 3944 animum
1167 3875 1297 3962 diligit.

226 3977 392 4046 Animum
407 3982 482 4046 vult
497 3998 669 4066 occupare
689 3984 723 4046 et
742 3982 925 4066 perlicere.
943 3985 1032 4049 Nam
1052 3982 1162 4050 animi
1183 3986 1301 4071 volup·
