2782 4734
608 543 783 614 -65-

163 721 280 770 rerum
310 707 462 770 essentia
479 724 538 772 eos
558 706 650 790 fugit
669 711 704 774 et
723 708 820 789 latet,
836 707 918 793 quia
942 729 1019 776 eam
1047 729 1115 778 non
1136 730 1229 796 quae-

162 813 256 876 runt.
278 810 513 898 Philosophus
532 818 656 880 contra
684 820 835 882 mentem
867 834 967 882 suam
997 819 1042 882 ah
1071 818 1228 886 externis

162 917 326 984 rebusad
341 935 380 984 se
399 915 514 1003 ipsum
535 922 687 1000 revocat,
704 924 739 987 et
754 917 866 986 Nosce
886 926 918 987 te
937 940 999 1008 pro
1018 921 1130 1019 primo
1141 942 1229 1009 prae-

162 1026 261 1109 cepto
275 1024 390 1090 hahet.
406 1023 550 1110 Majoris
566 1024 670 1111 pretii
684 1024 779 1107 lacit,
792 1026 822 1093 si
837 1047 876 1094 se
889 1027 1003 1114 ipsum
1018 1030 1071 1096 vel
1085 1028 1229 1097 minime

162 1129 310 1212 noverit,
327 1149 432 1215 quam
452 1130 483 1197 si
503 1135 640 1200 naturae
658 1152 776 1201 rerum
791 1133 911 1201 omnia
924 1154 1055 1202 aroana
1068 1140 1229 1222 penetra·
1330 1133 1333 1137 ’

161 1235 251 1303 verit
264 1236 324 1317 (l).
408 1288 410 1292 .

206 1341 324 1410 Primo
353 1345 523 1430 adspectu
551 1345 839 1430 eloquentissima
870 1352 903 1414 et
936 1348 1156 1417 nobilissima
1186 1351 1229 1416 de

160 1449 358 1518 aeternitate
385 1448 582 1520 animorum
607 1456 641 1519 et
665 1452 929 1521 reminiscentia
961 1460 995 1523 et
1026 1475 1145 1523 amore
1172 1458 1229 1523 So-

161 1556 269 1625 cratis
297 1556 410 1625 oratio
435 1560 482 1643 (2)
507 1578 633 1644 parum
657 1561 701 1626 ad
722 1559 933 1628 rhetoricam
952 1565 987 1629 et
1005 1562 1227 1631 dialecticam

161 1664 299 1732 videtur
324 1664 510 1751 pertinere.
537 1668 700 1732 Attamen
732 1686 805 1733 rem
835 1666 967 1736 attente
990 1669 1228 1737 consideranti

160 1777 307 1858 apparet
330 1771 482 1840 Socratis
508 1772 757 1856 cogitationem
784 1773 867 1841 inde
887 1794 999 1860 neque
1018 1776 1226 1863 interrumpi

161 1897 273 1964 neque
292 1877 484 1946 obscurari.
504 1882 554 1946 Ea
567 1879 706 1963 quidem
717 1881 761 1947 de
776 1899 814 1947 re
833 1882 1023 1947 Hermann
1037 1884 1165 1948 Boaitz
1178 1885 1227 1967 (d)

197 2163 232 2232 (lt
253 2163 352 2218 Fateor
364 2176 409 2217 me
424 2181 481 2218 non
496 2164 567 2219 hene
582 2163 752 2217 intellexisse
772 2165 830 2218 haec
849 2164 883 2218 de
898 2165 951 2218 hoc
965 2165 1079 2219 Atherti
1093 2167 1225 2223 Fischer:

162 2265 173 2292 v
195 2243 283 2300 Nobis
304 2244 450 2314 quidem...
469 2243 495 2297 id
511 2262 543 2297 ox
561 2244 614 2297 hoc
633 2244 694 2297 loco
710 2250 816 2298 tantum
835 2245 968 2314 consequi
989 2245 1107 2313 videtur,
1124 2253 1154 2301 ut
1169 2249 1229 2316 phi-

162 2346 171 2373 l
195 2323 330 2394 losophus
344 2332 449 2392 noster,
464 2316 592 2394 quentvis
603 2325 664 2378 illas
675 2331 787 2394 spernat
798 2325 1038 2393 interpretationes
1049 2326 1226 2396 symbolicas,

161 2425 171 2453 l
194 2411 288 2458 tamen
309 2405 337 2457 in
356 2405 457 2474 mythis
473 2405 560 2458 multa
577 2404 703 2458 invenire
723 2405 775 2459 sibi
797 2404 932 2472 videatur,
949 2422 1010 2474 quio
1031 2406 1066 2458 ad
1089 2406 1226 2460 internam

162 2508 172 2535 c
194 2485 281 2539 animi
297 2485 353 2538 vim
370 2492 397 2539 et
417 2493 545 2539 naturam
565 2485 743 2555 aperiendam
769 2485 1048 2555 cognoscendamque
1064 2493 1127 2558 apta
1146 2494 1173 2540 et
1192 2489 1227 2542 ad

161 2589 171 2616 v
194 2566 313 2620 ethicam
332 2567 525 2621 illustrandam
553 2573 580 2619 et
591 2567 758 2623 lirmandam
773 2566 1000 2620 commodissima
1015 2574 1088 2622 sunt.
1107 2590 1117 2617 a
1135 2599 1165 2607 -
1183 2569 1225 2624 Cf,

158 2647 340 2701 excellentem
359 2648 490 2702 nostratis
514 2647 549 2700 Ε.
576 2646 730 2700 Bouteoucr
751 2648 862 2701 locum:
886 2668 896 2695 e
920 2647 963 2701 On
983 2647 1023 2715 lii,
1045 2649 1061 2700 d
1084 2650 1109 2702 13
1129 2650 1225 2719 ve'ritd,

160 2750 171 2778 l
193 2728 263 2782 dans
278 2729 304 2782 le
317 2729 432 2782 Pherlee
446 2728 480 2782 de
495 2729 602 2796 Platon,
620 2745 674 2797 que
689 2727 801 2782 Socrate
816 2734 914 2781 trouve
930 2727 1025 2782 risihle
1033 2728 1067 2782 de
1082 2729 1226 2801 s'occuper

160 2831 171 2858 u
193 2809 314 2864 d’autres
329 2810 440 2877 choses,
454 2810 529 2863 alors
545 2825 599 2879 que
612 2808 669 2862 l’on
682 2808 803 2878 s’ignore
816 2825 917 2862 encore
934 2808 1093 2878 soi-meme3
1106 2817 1133 2863 et
1146 2811 1180 2864 de
1194 2830 1225 2867 ce

160 2911 171 2939 u
192 2895 275 2957 texte,
295 2889 313 2942 il
334 2890 440 2944 semble
461 2890 583 2942 resulter
602 2906 656 2958 que
674 2888 785 2942 Socrate
805 2889 932 2958 ajourne‚
955 2889 1025 2942 rnais
1050 2888 1088 2942 no'
1105 2892 1225 2960 proserit

160 2991 170 3018 u
194 2986 243 3040 pas
260 2971 302 3023 les
321 2970 487 3023 recherches
505 2969 658 3039 physiques
674 2975 700 3022 et
716 2969 917 3038 theologiques.
934 2969 1003 3022 Mais
1020 2969 1132 3023 Socrate
1147 2974 1224 3040 parle

160 3072 170 3101 u
192 3050 227 3103 ici
242 3049 458 3120 ironiquement.
475 3050 550 3103 Dans
566 3066 596 3102 sa
610 3050 722 3118 pense'e,
739 3050 764 3102 le
780 3055 903 3102 moment
914 3048 1062 3102 d’aborder
1072 3051 1098 3103 la
1114 3051 1223 3105 science

159 3153 169 3181 v
192 3131 226 3184 de
241 3131 318 3186 l’etre
333 3131 485 3185 n'arrivera
496 3129 607 3200 jamaiS,
619 3147 702 3200 parce
720 3147 774 3200 que
787 3129 887 3198 jamais
903 3129 1034 3182 l'homme
1053 3147 1087 3183 ne
1108 3148 1138 3184 se
1156 3150 1224 3186 con-

159 3233 169 3261 «
192 3215 282 3266 uaitra
294 3211 672 3282 completementlui-mdme.
688 3211 809 3277 Socrate,
823 3210 848 3262 le
858 3211 980 3279 premier
995 3215 1141 3281 peut-tetre,
1158 3231 1173 3267 3
1188 3230 1223 3268 eu

159 3314 169 3342 i
192 3293 217 3345 le
233 3292 381 3346 sentiment
394 3293 427 3347 de
442 3292 557 3346 l'infinie
573 3291 737 3362 complexite
751 3297 777 3344 et
792 3291 825 3343 de
840 3290 865 3343 la
875 3290 1047 3359 profondeur
1057 3292 1222 3348 insondable

158 3396 168 3424 u
191 3373 225 3427 de
238 3374 478 3428 l’hommemoral.
496 3395 518 3427 ,v
536 3373 587 3442 Op.
604 3370 775 3439 1.,405-106,

192 3456 230 3526 (2)
250 3456 378 3523 Phaon,
394 3455 446 3508 244
460 3471 522 3524 sqq.
728 3517 730 3519 ¹
1126 3492 1131 3500 -

193 3536 230 3606 (3,
252 3536 304 3606 Op.
325 3536 412 3604 laud,
432 3552 493 3606 pag.
511 3533 564 3588 ‘282
584 3551 644 3603 sqq.
667 3564 700 3571 —
726 3532 768 3587 df.
784 3533 921 3586 Sannina:
950 3553 960 3581 l
983 3533 1109 3587 laissant
1124 3535 1221 3604 Lysias

158 3640 168 3667 u
193 3618 321 3671 mareher
335 3623 408 3670 terre
422 3617 438 3669 3
452 3622 535 3668 terre.
550 3615 569 3667 il
588 3613 689 3667 s’eldve
705 3619 731 3666 et
746 3614 828 3683 plane
843 3613 912 3667 dans
928 3613 968 3666 les
982 3613 1047 3680 airs,
1063 3631 1098 3666 en
1111 3615 1222 3667 trailaut

158 3722 168 3750 l
191 3699 261 3754 dans
284 3715 314 3752 ce
335 3697 438 3752 second
452 3696 579 3750 discours
598 3693 725 3763 l'origine
745 3699 772 3748 31
786 3695 811 3748 13
827 3700 925 3747 nature
941 3693 975 3746 de
990 3694 1126 3748 l'Amour.
1145 3696 1221 3748 (lette

158 3803 168 3831 l
191 3780 305 3833 matiere
320 3778 431 3832 devient
446 3793 495 3847 par
510 3793 549 3830 un
564 3792 618 3845 pur
632 3775 733 3828 hasard
754 3775 788 3828 de
808 3773 1012 3840 conversation,
1033 3774 1059 3827 le
1074 3775 1146 3844 sujet
1160 3792 1221 3844 par-

157 3882 169 3916 «
192 3856 721 3926 ticulierdudiscourS‚n1aiselleest
740 3856 867 3923 toujours
888 3872 924 3908 nu
948 3855 1023 3924 point
1044 3855 1217 3926 episodique,

158 3967 168 3995 u
192 3951 216 3997 ol
232 3944 385 3996 nullemeut
406 3941 430 3993 le
451 3939 548 4005 grand,
567 3939 592 3991 le
617 3937 748 3990 veritalile
766 3936 840 4004 ohjet
861 3935 897 3988 du
916 3935 1059 4000 1113111333,
1081 3953 1134 4005 quo
1155 3937 1206 3990 l’au
