2782 4734
583 571 786 669 *197

181 738 395 818 Protagoras
411 732 518 813 enim,
536 751 616 800 cum
632 737 732 799 vetus
751 733 881 815 dogma
899 731 934 796 in
952 729 1119 798 Heracliti
1139 729 1204 797 im-

138 840 261 929 primis
296 841 416 907 schola
455 843 650 925 receptum,
690 837 808 906 omnia
841 839 967 919 fluere,
1002 842 1205 922 atomosque

139 967 278 1035 semper
304 946 449 1028 moveri,
472 965 527 1014 res
556 950 723 1032 perpetuo
750 944 891 1026 mutari,
925 964 1103 1031 nunquam
1124 964 1205 1012 con-

138 1056 276 1136 sistere,
294 1053 509 1135 admisisset,
531 1073 612 1119 mox
628 1054 672 1120 ad
687 1052 890 1121 universam
906 1052 1130 1136 negationem
1144 1056 1207 1120 aut

138 1161 390 1230 dubitationem
422 1161 587 1246 delapsus
614 1164 679 1228 est.
707 1163 744 1226 ln
775 1159 864 1227 libro
888 1178 952 1227 suo
978 1163 1019 1226 dc
1052 1161 1206 1226 Verttotc

138 1269 336 1356 explicabat
356 1287 441 1335 sane
456 1271 490 1334 et
499 1268 708 1359 defendebat
718 1266 982 1335 celeberrimam
996 1266 1108 1354 ipsius
1129 1286 1207 1334 sen-

138 1376 297 1458 tentiam,
322 1402 335 1436 «
361 1395 478 1443 rerum
504 1374 660 1442 omnium
691 1394 895 1442 mensuram
915 1374 1092 1442 hominem
1112 1393 1204 1456 esse,

141 1510 154 1544 a
183 1502 305 1551 earum
325 1503 404 1568 quae
426 1486 520 1563 sunt,
543 1486 581 1550 ut
600 1486 695 1564 sunt,
713 1502 835 1550 earnm
855 1501 933 1567 quae
953 1502 1021 1549 non
1051 1486 1147 1563 sunt,
1169 1486 1207 1550 ut

142 1618 155 1651 a
183 1610 251 1657 non
273 1594 355 1658 sunt
370 1591 429 1675 (l).
457 1591 572 1657 »Inde
591 1609 694 1676 porro
715 1589 940 1675 consequitur
962 1616 975 1650 «
998 1594 1037 1658 ut
1057 1609 1112 1657 res
1134 1580 1212 1656 non

142 1723 155 1757 a
184 1697 255 1763 sint
281 1716 392 1782 neque
422 1698 509 1763 fiant
538 1696 608 1762 nisi
635 1700 808 1781 quatenus
839 1695 1027 1781 abaliquo
1056 1696 1208 1763 sentian-

142 1809 297 1884 «tur...,
331 1803 415 1870 item
444 1807 483 1870 ut
518 1804 606 1871 tales
639 1803 722 1884 sint,
752 1805 873 1888 quales
902 1802 1091 1887 unicuique
1128 1822 1207 1870 esse

143 1938 155 1971 «
184 1911 381 1992 videantur,
403 1912 469 1978 hoc
483 1914 537 1977 est
555 1910 705 1978 diversis
721 1910 913 1977 diversae...
930 1915 1008 1977 Jam
1029 1930 1112 1977 vero
1126 1930 1206 1979 cum

143 2045 155 2078 ι(
184 2022 218 2085 et
238 2037 293 2085 res
315 2016 500 2084 sensibiles
516 2021 549 2084 et
569 2017 728 2084 hormines
749 2017 940 2084 sentientes
952 2017 988 2083 in
1000 2022 1205 2104 perpetuum

143 2152 155 2186 u
186 2129 376 2205 mutentur,
398 2125 440 2191 de
457 2123 618 2191 sensibus
635 2143 718 2191 vero
737 2126 888 2210 pendeat
902 2144 1005 2191 omne
1017 2124 1204 2210 judicium,

144 2231 266 2316 «quid
298 2232 453 2298 restabat
476 2250 581 2315 quam
614 2236 652 2298 ut
680 2232 723 2298 de
756 2230 865 2297 nihilo
892 2235 1055 2298 constare
1083 2250 1205 2298 omnes

144 2365 157 2400 «
181 2337 361 2405 hominum
388 2337 581 2424 opiniones,
612 2336 718 2404 etiam
749 2339 792 2405 de
812 2337 963 2421 legibus,
985 2338 1027 2404 de
1052 2337 1119 2404 diis
1140 2358 1208 2405 usu

143 2471 156 2505 «
179 2450 316 2512 tantum
338 2447 495 2529 receptas
520 2463 599 2510 esse
618 2445 844 2510 contenderet
861 2445 929 2529 (bll
956 2469 969 2504 >2
993 2447 1207 2528 Protagoras

140 2555 270 2632 autem,
292 2552 375 2618 dum
396 2549 579 2617 veritatem
601 2550 687 2616 nihil
703 2550 892 2618 aliudesse
912 2571 1016 2636 quam
1042 2550 1206 2626 mobilem

141 2658 294 2744 speciem
330 2657 526 2738 contendit,
562 2657 770 2742 eloquentiae
804 2657 1004 2744 sophisticae
1042 2657 1206 2725 consulit.

141 2763 340 2851 Sapientem
360 2763 454 2830 enim
473 2752 583 2830 animi
600 2763 773 2831 medicum
799 2783 878 2832 esse
897 2764 1072 2851 opinatur,
1094 2763 1153 2849 qui
1172 2764 1208 2829 in

143 2871 262 2938 animo
282 2875 380 2938 creat
401 2890 470 2937 non
497 2869 646 2952 veriora,
675 2872 735 2937 sed
756 2871 902 2938 meliora
922 2877 956 2939 et
982 2870 1146 2939 utiliora:
1169 2890 1210 2937 eo

143 2981 245 3045 modo
270 2979 393 3045 sollers
422 2980 601 3062 bonusque
631 2980 749 3045 rhetor
770 2984 870 3046 curat
899 2979 990 3046 etin
1018 2977 1208 3045 feliciorem

141 3089 272 3152 statum
297 3084 439 3152 adducit
458 3084 594 3151 animos
615 3083 832 3170 privatorum
852 3090 887 3152 et
905 3085 1100 3166 civitatum,
1112 3104 1208 3166 nam,

140 3211 203 3278 per
239 3191 310 3257 vim
348 3190 533 3272 orationis,
568 3191 723 3277 privatos
756 3197 792 3259 et
830 3192 990 3260 civitates
1031 3191 1207 3273 sensibus,

141 3407 164 3457 Α
170 3406 278 3458 thebes.
288 3404 437 3457 Prcmidre
444 3403 576 3472 partie...
586 3403 694 3456 Poris..
704 3403 794 3471 1873,
803 3421 856 3474 pag
872 3403 1209 3473 44-953-n.l‘0n1mne,
1257 3455 1258 3459 ,

140 3485 183 3537 Lo
198 3484 383 3553 Philosophia
398 3485 432 3536 dc
444 3484 576 3550 Socrate,
588 3489 662 3537 toute
672 3486 786 3551 second,
797 3485 894 3553 Poris,
904 3485 995 3552 1874,
1003 3502 1064 3555 pag.
1077 3483 1208 3553 3l9-35l3

142 3597 175 3603 —
191 3565 221 3618 E.
239 3565 407 3631 Bournoux,
424 3565 544 3618 Socrate
555 3562 715 3633 fondatcur
730 3565 765 3617 (le
781 3567 811 3618 lo
821 3566 932 3619 seleuce
943 3565 1067 3619 morule.
1083 3565 1208 3618 Saulaces

141 3651 168 3697 ct
184 3649 311 3698 travecta
325 3645 359 3698 de
371 3644 547 3698 t'Aeocle'mie
558 3644 754 3698 desSoienocs
772 3648 898 3699 morales
914 3652 941 3699 et
956 3646 1123 3716 potitiqucs.
1141 3644 1209 3699 ‚43⁰

142 3728 268 3779 conce...
287 3724 378 3792 1883,
395 3741 456 3795 pag.
472 3723 604 3793 387-408,
617 3723 748 3792 668-709,
766 3726 917 3780 deuxidme
932 3731 1077 3781 semestre.

178 3805 216 3874 (l)
235 3806 362 3874 Theaet,
374 3805 427 3858 152
441 3805 475 3858 A.

179 3885 215 3955 (2)
232 3886 267 3939 H.
280 3886 391 3940 errnu
406 3892 432 3939 et
445 3886 476 3939 L.
490 3885 637 3938 Pannona.
655 3884 729 3938 Hist.
754 3886 864 3940 Phellos.
883 3889 916 3941 G.
935 3895 960 3940 ct
976 3888 1010 3941 R.
1033 3906 1068 3941 cr
1080 3887 1208 3957 sontium

144 3967 213 4020 loos
228 3973 398 4020 contecto...
416 3967 548 4021 Golhae...
565 3964 644 4018 1878.
661 3965 727 4034 Peg.
744 3967 806 4020 l36.
