2782 4734
553 569 730 634 ‚15-

109 758 123 793 u
150 749 232 797 vero
252 748 384 814 magna
402 749 444 796 ea
457 747 567 814 parva
595 747 674 795 esse
701 727 898 808 videantur,
929 726 1087 794 efficiunt
1109 746 1172 813 per

107 836 220 903 «vim
248 835 430 917 orationis,
470 834 638 920 novisque
678 833 858 919 antiquum
903 839 938 902 et
982 833 1170 900 contrariis

108 971 121 1005 «
151 963 279 1011 novum
294 944 341 1029 (l)
360 969 373 1003 »
405 944 556 1010 colorem
576 941 739 1009 induunt.
754 943 894 1022 lllaest,
911 940 1034 1027 paucis
1055 940 1171 1008 verbis

105 1050 263 1131 definita,
286 1049 471 1131 rhetorica,
493 1049 556 1116 illa
579 1052 634 1116 est
659 1047 872 1134 sophistica:
900 1049 992 1116 hanc
1014 1052 1048 1115 et
1074 1047 1172 1114 illam

106 1160 265 1225 Socrates
285 1161 318 1224 et
339 1158 438 1222 Plato
453 1155 545 1224 siout
559 1175 665 1223 unam
682 1159 717 1222 et
735 1157 894 1222 eamdem
909 1159 1034 1236 artem,
1063 1174 1173 1222 unum

106 1270 141 1332 et
160 1265 251 1331 idem
272 1265 405 1331 malum
426 1264 657 1331 detestantur.
674 1261 730 1328 Nil
749 1261 856 1328 distat
874 1261 968 1329 inter
997 1263 1172 1330 rhetorem

106 1377 139 1437 et
174 1369 379 1456 sophistam.
412 1369 443 1436 Si
463 1369 573 1452 igitur
598 1371 685 1435 hene
709 1367 993 1454 perspexerimus
1017 1368 1100 1453 quid
1128 1368 1174 1435 sit

106 1476 275 1563 sophista,
316 1478 503 1556 rhetorem,
539 1475 621 1560 quid
653 1474 699 1541 sit
725 1474 927 1561 sophistica,
963 1475 1173 1543 rhetoricam

106 1584 181 1670 ipso
195 1585 286 1650 facto
300 1582 513 1650 noverimus.

151 1690 312 1777 Sophista
344 1689 455 1773 igitur
481 1695 542 1758 aut
571 1691 689 1756 rhetor
723 1689 776 1755 vir
797 1690 1047 1776 estpraeditus
1075 1716 1088 1751 «
1111 1689 1172 1756 illa

107 1825 120 1858 a
149 1797 347 1866 orationum
359 1804 446 1878 arte,
459 1817 528 1882 qua
543 1803 577 1864 et
598 1798 881 1881 Thrasymachus
898 1801 932 1865 et
950 1797 1057 1865 ceteri
1073 1801 1172 1864 uten-

109 1931 122 1965 «
151 1912 202 1973 tes
224 1911 258 1972 et
276 1905 344 1991 ipsi
373 1904 476 1991 periti
513 1903 652 1971 dicendi
673 1904 756 1970 facti
772 1911 866 1984 sunt,
888 1909 923 1971 et
937 1904 1025 1971 alios
1041 1904 1171 1991 peritos

109 2038 122 2070 «
151 2012 297 2090 iaciunt,
327 2010 357 2077 si
384 2011 443 2096 qui
469 2009 569 2077 donis
600 2013 782 2078 cumulare
815 2030 874 2077 eos
891 2010 983 2078 sicut
1002 2015 1171 2095 tyrannos

110 2145 124 2178 a
152 2117 415 2202 voluerintt2).»
430 2117 608 2203 Cupiditas
625 2123 741 2184 autem
756 2123 789 2183 et
805 2116 1005 2184 ambitionis
1025 2137 1171 2203 occupa-

105 2227 154 2295 tio
170 2224 362 2313 sophistam
383 2224 507 2291 incitat
526 2230 655 2292 utcum
680 2223 879 2291 hominibus
900 2227 1118 2309 colloquatur
1138 2230 1172 2292 et

106 2336 262 2400 humana
291 2336 392 2415 regat
423 2331 576 2415 negotia,
613 2350 747 2398 necnon
780 2333 933 2398 deterret
966 2331 1050 2415 quin
1070 2358 1083 2392 (t
1102 2331 1171 2398 diis

108 2467 122 2500 «
143 2438 361 2522 gratissima,
377 2464 390 2498 »
405 2436 557 2505 Socratis
569 2437 708 2522 quidem
718 2440 890 2523 exemplo,
907 2464 918 2498 t
935 2437 1045 2523 possit
1055 2437 1171 2505 dicere

109 2573 121 2607 «
142 2551 177 2613 et
195 2545 401 2630 gratissima
414 2565 521 2629 agere
536 2544 654 2612 omnia
670 2564 731 2630 pro
742 2544 875 2612 viribus
887 2545 947 2630 (3).
965 2570 978 2605 1>
996 2544 1169 2631 sophista,
1262 2631 1264 2633 ,

106 2654 225 2720 rhetor
258 2652 288 2718 is
321 2656 374 2719 est
411 2651 593 2737 sapientiae
629 2650 812 2734 magister,
860 2671 963 2736 quem
1008 2651 1172 2738 discipuli

105 2764 237 2828 emant.
272 2764 317 2826 ht
355 2759 436 2844 quid
467 2761 531 2825 hoc
560 2758 609 2825 rei
643 2760 728 2826 estt
763 2762 884 2826 Nonne
906 2765 943 2831 ut
962 2760 1170 2846 sapientiam

106 2869 243 2948 docere,
272 2857 321 2932 ita
347 2865 556 2952 sapientiam
582 2869 730 2948 argento
755 2871 897 2952 accepto
925 2870 1062 2948 docere,
1090 2869 1171 2934 dato

105 2973 256 3053 discere,
284 2975 426 3040 Socrate
450 2971 582 3057 judice,
612 2971 767 3038 immane
791 2979 844 3039 est
875 2972 1025 3040 vitiumt
1050 2976 1171 3040 Nonne

105 3079 227 3147 odiosa
259 3084 313 3146 est
347 3078 510 3165 superbia
537 3078 567 3144 si
598 3078 676 3163 quis
714 3082 897 3165 profitetur
930 3099 968 3146 se
987 3079 1170 3147 scientiam

106 3188 253 3254 teneret
272 3188 394 3252 Nonne
427 3188 586 3252 Socrates
606 3205 643 3252 se
663 3185 751 3251 nihil
767 3186 858 3253 scire
877 3186 985 3254 dicit?
1013 3189 1171 3254 Commu-

107 3292 319 3359 nicationem
340 3290 498 3359 scientiae
527 3291 694 3377 sophista,
720 3291 811 3360 sicut
833 3312 966 3360 merces
998 3293 1170 3375 venditor,

105 3403 246 3480 tractat,
263 3405 298 3466 et
322 3398 535 3485 discipulum
557 3417 619 3484 pro
650 3398 767 3465 nescio
791 3419 858 3483 quo
875 3405 1030 3485 emptore
1055 3403 1170 3482 habet,

105 3509 266 3574 Socrates
298 3510 421 3573 contra
447 3504 605 3571 veritatis
635 3511 670 3572 et
701 3504 840 3572 virtutis
867 3506 1105 3574 inventionem
1136 3513 1173 3576 ut

142 3767 179 3836 (l)
196 3766 327 3836 Phaedre,
344 3767 444 3821 26ῬΑ.

141 3844 179 3916 (2)
194 3846 325 3916 Phaedr„
342 3847 395 3901 266
415 3848 445 3902 C.

142 3927 180 3999 (3)
193 3928 323 3997 Paean,
337 3927 389 3981 273
404 3929 435 3981 E.
