2782 4734
616 544 791 610 ..45-

168 703 353 787 ignorant:
376 705 437 770 sed
461 703 559 769 avari
586 698 700 770 instar
718 703 777 788 qui
797 709 909 772 semet
928 707 1063 773 tantum
1092 705 1235 792 respicit

168 815 202 877 et
219 815 332 890 curat,
349 813 383 876 ct
402 809 558 877 thesauri
583 810 639 877 sui
664 830 707 877 ne
728 830 834 877 unam
854 810 994 896 quidem
1022 811 1232 896 particulam

168 936 248 983 cum
270 915 395 983 ceteris
417 915 666 998 communicat,
680 916 871 1003 discipulos
901 921 937 984 et
964 917 1141 985 auditores
1157 938 1233 986 um-

169 1025 232 1089 hra
251 1021 441 1109 decipiunt,
460 1042 571 1107 neque
586 1042 622 1089 re
641 1023 797 1090 omnium
817 1023 948 1110 optima
967 1030 1095 1092 ornant
1108 1029 1143 1091 et
1161 1045 1233 1092 am-

167 1129 337 1222 plificant.
371 1155 384 1188 1
413 1131 478 1196 Sed
493 1129 552 1213 qui
580 1148 689 1216 nuper
709 1130 883 1216 scripsere
911 1131 954 1198 de
974 1136 1049 1198 arte
1080 1130 1232 1213 dicendi,

170 1263 183 1296 1
211 1255 296 1321 quos
327 1240 363 1303 tu
396 1235 574 1317 audivisti,
601 1236 625 1302 ii
653 1237 882 1304 callidissime
908 1256 970 1305 nos
998 1239 1230 1320 frustrantur,

169 1369 181 1402 «
212 1362 292 1408 nam
312 1342 420 1410 animi
442 1348 604 1409 naturam
620 1343 830 1430 pulcerrime
852 1348 1023 1412 noverunt
1042 1346 1102 1430 (l).
1130 1372 1143 1405 1

210 1453 338 1516 Omnes
358 1452 535 1516 Socratem
564 1449 773 1535 judicabunt
812 1471 893 1518 vere
923 1451 1100 1519 inlinitum
1141 1454 1233 1519 laho-

166 1575 239 1622 rem
255 1556 302 1639 (2)
319 1561 353 1622 61
373 1574 477 1641 prope
491 1554 623 1622 viribus
644 1556 809 1622 humanis
825 1556 994 1643 majorem
1015 1557 1142 1624 tuturis
1154 1576 1232 1638 ora-

165 1662 298 1729 torihus
314 1662 505 1747 imponere,
526 1682 585 1729 eos
602 1662 757 1748 ,iubendo
773 1663 942 1744 scientiae,
961 1684 1066 1749 quam
1085 1665 1232 1749 psycho-

92 1766 95 1770 ’
165 1772 299 1854 inpium
320 1769 453 1849 dicunt,
489 1768 721 1854 peritissimos
752 1790 843 1851 osse,
881 1789 960 1838 cum
992 1773 1037 1837 ad
1074 1770 1232 1838 animum

80 1921 82 1925 .
164 1877 461 1957 cognoscendum,
474 1879 617 1942 auctore
627 1875 703 1962 ipso
723 1879 875 1958 Socrate,
891 1896 1035 1944 necesse
1051 1876 1098 1944 sit
1112 1877 1232 1944 ornnia

165 1981 315 2048 novisse.
334 1984 510 2049 Socratem
526 2002 621 2063 vero,
637 1983 711 2049 sive
727 1986 908 2050 Platonem
925 1984 1042 2065 malis,
1060 1983 1109 2050 ita
1136 1984 1230 2067 cogi-

164 2095 258 2154 tasse
274 2090 469 2155 luculenter
488 2109 532 2155 er
554 2091 618 2155 huc
642 2091 717 2157 loco
741 2090 914 2157 cernitur:
954 2093 1117 2159 «Omnes
1138 2111 1230 2176 quae·

165 2223 178 2255 1
208 2195 291 2262 libet
312 2195 475 2261 maximae
499 2196 628 2264 artium
648 2196 851 2265 desiderant
877 2218 991 2283 nugas
1017 2197 1098 2265 illas
1126 2204 1160 2265 et
1189 2200 1231 2265 de
1283 2219 1286 2226 ·

165 2329 178 2362 1
207 2301 416 2370 sublimibus
436 2302 689 2388 disputationes
719 2323 797 2388 quae
835 2306 879 2370 ad
908 2309 1044 2372 naturae
1072 2304 1229 2372 studium

166 2435 179 2470 «
206 2409 397 2476 attinent...
415 2411 511 2486 Quod
527 2414 561 2476 et
575 2409 728 2477 Pericles
741 2410 891 2496 propriis
914 2410 1112 2495 nativisque
1124 2410 1230 2484 virtu·

165 2543 178 2575 «
207 2516 299 2581 tihus
315 2515 495 2582 addiderat
517 2519 577 2602 (3).
604 2543 617 2576 »
639 2520 733 2600 Ergo
748 2519 790 2583 de
807 2519 871 2584 hoc
887 2516 974 2584 nulli
1005 2516 1088 2584 licet
1111 2536 1230 2585 errare

162 2621 410 2690 autdubitare.
428 2622 491 2699 Qui
517 2642 586 2689 non
615 2625 797 2691 absolutus
827 2623 1068 2710 philosophus,
1099 2623 1130 2690 is
1162 2644 1230 2691 non

161 2731 344 2796 absolutus
370 2735 424 2796 est
443 2735 572 2797 orator.
595 2732 766 2797 Phaedrus
795 2730 935 2815 quidem
967 2731 1117 2798 Socrati:
1138 2757 1151 2792 u
1176 2750 1230 2798 me

165 2863 175 2898 a
207 2855 384 2920 nunquam
423 2836 632 2920 eloquentiae
654 2837 871 2922 professores
909 2836 994 2903 talia
1014 2813 1186 2918 docuere,
1214 2864 1227 2898 »

160 2941 306 3026 inquiet,
328 2942 439 3027 neque
473 2945 650 3010 Socratem
681 2945 735 3009 vel
762 2943 904 3010 minime
938 2943 1099 3010 movebit.
1129 2946 1230 3025 ,Sane

160 3053 319 3116 Socrates
347 3051 524 3116 rhetorum
537 3049 725 3136 triumphis
746 3050 875 3136 saepius
896 3049 1077 3117 interluit:
1101 3049 1228 3116 nihilo-

159 3157 276 3248 minus
310 3175 372 3242 pro
404 3156 602 3224 certissimo
627 3159 730 3224 hahet
750 3176 815 3223 sua
834 3161 971 3223 tantum
988 3155 1099 3242 ipsius
1127 3156 1229 3223 disci-

158 3263 256 3348 plina
286 3265 414 3331 honum
444 3268 618 3331 oratorem
651 3263 835 3329 informari
868 3273 982 3350 posse.
1018 3265 1067 3330 Ne
1103 3283 1159 3330 res
1193 3269 1228 3331 61

159 3373 252 3437 t'acta
267 3371 370 3437 dictis
391 3371 469 3456 ejus
483 3372 654 3438 Phaedrus
668 3367 831 3457 opponat,
853 3370 1017 3455 quoniam
1034 3375 1172 3439 constat
1193 3378 1227 3439 61

158 3479 314 3544 rhetores
330 3477 472 3563 optimae
483 3476 621 3544 dicendi
642 3476 858 3560 docendique
880 3476 1025 3544 rationis
1043 3479 1227 3563 compotes

813 3647 819 3685 t

198 3781 234 3848 (Ἰ)
251 3773 381 3842 Phaon,
397 3773 447 3827 271
468 3776 497 3826 tl.

192 3862 230 3926 12,
246 3855 376 3922 Phaedri,
393 3855 442 3907 271
460 3855 493 3922 D,
512 3854 542 3921 Ε,
559 3852 611 3906 272
628 3855 661 3920 Α,
676 3852 707 3906 Β.

192 3937 376 4011 1311716111,
393 3934 446 3987 2711
461 3936 494 3988 h.
512 3966 544 3972 -*
560 3933 601 3987 Cf.
619 3933 653 3987 h.
672 3932 809 4002 Kiinn'rn,
826 3952 870 4002 op.
889 3932 949 4000 cit,
965 3950 1026 4004 pag.
1043 3932 1134 3989 tl-tr.
