2782 4734
638 607 781 673 ,60-

168 765 294 834 rationi
314 764 539 848 conveniens,
561 768 750 853 eademqne
766 765 1018 834 fecundissime
1037 769 1236 848 methodus,

165 871 423 956 dialectiea(l).
450 874 590 940 «Multo
609 873 761 958 quidem,
793 857 909 954 credo',
944 872 1099 957 pulcrior
1130 892 1238 962 opera

168 1005 181 1039 «
210 977 438 1059 medebitur,
460 977 488 1044 si
509 977 586 1064 quis
611 978 796 1046 dialectica
814 985 890 1045 erte
917 977 1111 1046 instructus
1128 979 1238 1063 eliget

168 1111 179 1140 ‹
208 1083 364 1151 animum
403 1084 579 1166 idoneum,
629 1085 686 1152 ubi
724 1088 926 1172 plantetque
964 1089 998 1151 et
1024 1090 1121 1152 serat
1154 1105 1235 1154 cum

168 1223 177 1248 ι
208 1189 356 1258 seientia
371 1209 564 1271 sermones
586 1191 645 1276 qui
666 1191 732 1258 sibi
765 1191 851 1278 ipsis
883 1195 917 1258 et
954 1191 1063 1257 satori
1096 1191 1234 1278 possint

168 1328 178 1358 ι
207 1316 424 1378 succurrere,
458 1297 517 1382 qui
552 1316 663 1382 neque
701 1297 772 1364 sint
804 1297 1013 1365 infructuosi
1044 1304 1079 1365 et
1112 1318 1232 1366 semen

167 1433 177 1463 ι
207 1402 441 1489 suppeditent,
480 1404 573 1471 unde
611 1403 672 1470 alii
709 1403 745 1469 in
788 1403 877 1470 alias
911 1408 1045 1471 mentes
1084 1404 1234 1490 depositi

167 1535 178 1566 ι
207 1528 325 1576 semen
346 1509 432 1576 illud
449 1529 588 1596 semper
607 1510 804 1577 immortale
818 1513 978 1590 reddent,
1000 1514 1034 1577 et
1054 1530 1147 1591 eum,
1174 1512 1233 1596 qui

167 1641 177 1670 ι
207 1616 271 1682 hoe
283 1616 449 1702 possidet,
463 1616 706 1684 felicissimum
722 1616 892 1698 efficient,
909 1622 1232 1703 quantumcumque

166 1744 176 1775 ι
207 1721 338 1788 homini
360 1722 434 1789 fieri
450 1728 574 1809 potest.
600 1754 611 1785 l
639 1725 757 1789 Verba
778 1742 859 1789 vero
874 1723 936 1790 illa
947 1723 1132 1809 quaestioni
1151 1744 1230 1792 nes-

164 1831 227 1894 tree
247 1828 482 1895 clarissimam
502 1832 616 1897 lucem
637 1830 839 1910 infundunt,
856 1833 891 1897 et
906 1829 1050 1916 majoris
1064 1831 1231 1898 momenti

165 1933 326 2002 videntur
345 1955 435 2016 esse,
457 1935 536 2002 aliis
563 1935 703 2020 quidem
730 1935 862 2020 dialogi
895 1936 1055 2022 pertibus
1089 1939 1228 2004 collate.

163 2041 301 2109 Scilicet
322 2041 529 2109 dialecticus
545 2044 611 2110 hoe
630 2043 759 2127 gaudie
797 2041 936 2123 fruitur,
977 2044 1042 2110 hoe
1071 2043 1232 2127 fungitur

163 2167 320 2229 munere,
339 2147 404 2214 sibi
421 2168 589 2234 seponere
613 2158 647 2215 et
675 2149 826 2233 seligere
854 2148 1010 2216 animum
1037 2148 1229 2235 juvenilem

162 2258 196 2321 et
212 2255 401 2336 sincerum,
423 2275 524 2339 quem
557 2258 601 2322 ed
633 2258 761 2323 benum
781 2260 815 2323 et
835 2255 999 2323 virtutem
1028 2257 1149 2323 ducat.
1188 2259 1216 2323 A

162 2363 321 2428 Socrates
342 2361 488 2447 majoris
503 2361 605 2449 pretii
621 2382 725 2447 quarn
746 2381 867 2429 omnes
896 2370 1030 2429 ceteros
1064 2361 1228 2443 aestimet,

163 2468 277 2551 magis
299 2468 448 2536 miretur
467 2475 501 2536 et
516 2471 671 2536 celebrat
692 2469 805 2535 virum
822 2488 923 2553 quem
959 2467 1054 2535 novit
1083 2469 1231 2554 philose·

161 2574 278 2658 phiem
298 2573 354 2661 pia
371 2579 405 2640 et
424 2574 574 2642 candide
594 2579 710 2642 mente
732 2573 940 2655 excoluisse,
963 2593 1089 2660 pueros
1111 2594 1230 2641 emere

160 2680 400 2767 philosophico
419 2700 497 2747 esse
526 2685 762 2768 prosecutum.
785 2684 956 2761 Socrates,
989 2682 1081 2747 haud
1111 2681 1229 2748 minus

160 2806 264 2870 quem
284 2786 463 2873 sophistes,
485 2790 624 2873 pulcros
637 2787 786 2873 juvenes
802 2786 928 2872 quaerit
947 2792 981 2854 et
1001 2791 1151 2854 venetur
1167 2787 1227 2872 (3),

205 3027 232 3085 ‘ll
250 3027 291 3080 Cf.
308 3028 342 3080 de
357 3029 410 3081 hoc
424 3027 636 3082 acerbissimum
650 3027 718 3080 illud
729 3026 882 3096 judicium:
905 3047 915 3075 n
935 3025 1031 3080 C'etait
1046 3041 1100 3078 une
1116 3042 1231 3079 conver·

162 3126 171 3153 n
195 3107 284 3159 satien
298 3108 459 3178 spontanee,
481 3106 672 3176 syste'nratisee
687 3114 714 3161 et
733 3106 837 3176 diriges
865 3105 934 3160 dans
962 3123 1017 3159 une
1048 3106 1111 3159 veie
1137 3105 1230 3160 deter-

161 3207 171 3234 n
195 3186 464 3241 mineetl'avence.
485 3187 659 3240 fournissant
679 3204 717 3240 un
737 3186 881 3240 stimulant
908 3187 925 3239 d
950 3187 978 3239 la
1004 3185 1109 3256 pensde
1138 3192 1165 3239 et
1192 3203 1229 3240 un

161 3287 171 3313 n
195 3282 240 3319 rno
261 3284 296 3320 en
315 3268 349 3320 de
364 3267 630 3337 perfectionnement
648 3268 733 3337 qu’on
755 3282 789 3319 ne
811 3266 922 3336 pouvait
940 3265 1066 3320 attendre
1092 3265 1230 3320 d'aucune

161 3366 171 3393 r
194 3353 271 3400 autre
287 3347 418 3415 muniere,
435 3379 467 3386 -
479 3348 683 3416 procurante
707 3349 918 3416 quelques-ens
944 3345 1023 3398 aussi
1046 3363 1104 3399 rorte
1128 3363 1229 3400 source

161 3446 171 3473 n
193 3427 228 3479 de
237 3429 329 3497 profit
342 3445 379 3481 ou
394 3429 428 3480 de
442 3429 526 3497 leste.
544 3427 604 3480 Elle
619 3428 727 3482 ouvrait
741 3444 795 3480 une
810 3427 884 3496 ligne
903 3427 938 3480 de
961 3426 1086 3480 seriense
1113 3443 1229 3498 occupe-

160 3527 170 3554 r
192 3507 250 3561 tion
265 3508 459 3562 intellectuelle
474 3508 490 3561 d
505 3508 554 3561 des
568 3509 695 3561 hommes
711 3508 777 3561 d'un
799 3513 863 3561 tour
891 3505 1006 3576 d’esprit
1027 3507 1178 3576 speculatif
1190 3524 1226 3561 ou

160 3608 169 3636 n
193 3589 401 3659 investigateur,
419 3589 678 3659 quintanensium
694 3588 856 3657 (lewinne
872 3588 1030 3654 herd‘iesse,
1042 3588 1077 3640 de
1088 3588 1228 3641 me'moire

159 3690 169 3718 n
192 3670 329 3723 eorttinue
344 3686 414 3739 pour
430 3670 522 3740 parler
536 3686 571 3722 en
585 3669 688 3739 public,
705 3686 741 3723 ou
757 3670 804 3740 qui
820 3668 971 3722 desiraient
981 3684 1011 3721 se
1022 3667 1095 3721 tenir
1106 3668 1228 3722 dl‘e'cart

158 3769 168 3797 r
190 3749 240 3802 des
250 3750 412 3804 anirnosite's
429 3749 576 3819 potitiques
592 3755 618 3802 et
629 3749 791 3817 judiciuires
806 3749 843 3802 du
860 3753 992 3801 moment.
1014 3769 1024 3798 n
1059 3747 1092 3801 G.
1113 3748 1224 3816 Gnosis,

155 3845 190 3896 op
217 3830 353 3897 eit,Xll,
372 3847 430 3899 pag.
448 3829 509 3883 765.

192 3910 230 3974 rt,
249 3912 351 3964 l’lraedr
366 3952 372 3978 ,
389 3911 442 3963 ‘llo
456 3911 487 3978 E,
502 3909 552 3961 ‘277
569 3911 602 3962 A.

193 3989 230 4059 (3)
246 3990 287 4044 uf.
306 3991 470 4059 Chnrntid„
488 3989 540 4043 sub
553 3989 672 4045 initium.
