2782 4734
556 574 733 640 ..49-

109 746 244 810 verum,
271 733 520 816 perpulcram,
536 734 580 799 ad
601 735 747 800 bonum:
782 733 849 800 tria
877 733 1017 818 quidem
1051 732 1112 799 illa
1134 730 1171 799 in

108 833 329 922 philosophia
366 838 517 906 Socratis
555 839 781 925 Platonisque
817 859 956 926 semper
984 840 1173 926 conpuncta

61 1003 64 1008 .
110 960 180 1008 non
196 941 320 1010 dividit
330 945 505 1014 rhetorica
514 966 592 1031 quae
603 945 791 1028 Socratica,
805 946 986 1014 Platonica
1001 945 1173 1034 appellari

109 1054 225 1134 queat.
248 1053 407 1119 Socrates
429 1052 505 1139 J'am
537 1056 673 1122 nullum
699 1073 802 1141 posse
837 1056 922 1121 bene
950 1053 1066 1121 dicere
1105 1053 1173 1120 nisi

93 1158 200 1224 bene
226 1156 413 1242 cogitando
445 1153 627 1248 'probavit3
658 1180 739 1227 mox
772 1161 932 1247 probabit
959 1180 1081 1228 omnes
1115 1159 1174 1245 qui

112 1266 200 1331 bene
215 1265 373 1349 cogitant
391 1271 425 1333 et
444 1266 578 1349 dicunt,
593 1269 734 1335 eosdem
749 1269 836 1335 bene
851 1287 970 1351 agere.
1007 1267 1174 1344 Quamvis

112 1369 276 1439 ultimum
296 1371 383 1440 illud
403 1373 556 1441 Socratis
580 1372 748 1460 placitum
781 1393 849 1440 nou
880 1373 1111 1457 singulariter
1142 1377 1177 1440 et

113 1477 252 1564 copiose
270 1478 307 1544 in
324 1480 477 1546 Phaedro
495 1481 772 1548 demonstratum
808 1480 865 1562 sit,
899 1480 1014 1564 magis
1045 1479 1175 1563 dialogi

114 1585 257 1671 Gorpt'oe
275 1585 427 1672 primum
448 1587 494 1655 sit
517 1593 551 1654 et
578 1587 772 1674 principale
803 1587 1031 1675 propositum,
1054 1587 1176 1653 nihilo-

113 1692 230 1760 minus
250 1695 353 1761 eade
374 1713 411 1761 re
439 1694 664 1762 manifestum
693 1700 729 1761 et
760 1697 893 1762 clarum
928 1695 1011 1779 quid
1048 1694 1178 1778 cogitet

113 1799 222 1867 elficit
250 1804 421 1868 Socrates,
454 1801 591 1868 Etenim
618 1803 772 1868 laborem
810 1801 911 1869 illum
951 1802 1175 1882 immensum,

113 1926 216 1992 quem
233 1907 411 1994 suscipere
432 1909 587 1976 futurum
603 1914 776 1975 oratorem
799 1908 907 1995 iubet,
935 1909 1073 1976 futurus
1102 1928 1177 1974 ora-

114 2018 180 2095 tor,
195 2034 276 2082 vere
298 2014 428 2099 dignus
457 2015 514 2082 cui
543 2035 668 2082 nomen
707 2015 794 2082 illud
826 2016 1013 2096 tribuatur,
1045 2015 1124 2081 torti
1145 2019 1179 2081 et

115 2125 217 2203 grato
250 2121 368 2187 animo
401 2121 580 2207 suscipiet,
616 2138 720 2188 nam:
755 2121 932 2189 «conanti
965 2122 1104 2206 quidem
1134 2122 1178 2187 ad

118 2252 135 2288 «
160 2230 282 2317 pulcra
297 2230 458 2314 pulcrum
478 2233 532 2295 est
551 2230 604 2295 vel
626 2228 697 2314 pati
712 2228 880 2313 quidquid
899 2228 1093 2316 acciderit(
1117 2231 1140 2313 l.
1163 2254 1176 2288 l>

115 2338 181 2405 Sed
200 2334 308 2417 curis,
327 2334 442 2415 malis,
460 2334 599 2421 periclis
615 2354 653 2401 se
668 2333 809 2421 objiciet
823 2354 892 2401 non
909 2340 946 2401 ut
965 2335 1076 2421 possit
1098 2334 1180 2400 inde

116 2442 210 2528 loqui
225 2461 343 2510 coram
359 2441 558 2509 hominibus
578 2446 612 2509 et
640 2461 763 2526 regere
793 2441 934 2525 negotia
970 2442 1039 2508 ista
1071 2441 1180 2507 homi-

117 2569 214 2631 num,
231 2553 268 2617 at
279 2553 329 2628 ut,
350 2549 463 2633 quoad
483 2548 577 2630 licet,
598 2548 745 2616 dicendo
761 2553 795 2616 et
814 2550 952 2631 agendo
986 2567 1073 2632 erga
1097 2549 1180 2614 deos

116 2655 286 2743 piuscsse
308 2653 477 2721 videatur.
500 2656 658 2722 Socrates
670 2659 807 2721 tantum
827 2653 992 2722 virtutem
1026 2658 1060 2720 et
1093 2652 1181 2720 veri-

115 2768 224 2830 tatem
240 2764 388 2848 spectat:
406 2762 450 2827 ad
465 2761 501 2827 id
522 2781 604 2828 vero
620 2781 701 2827 mox
717 2764 867 2828 revertet
882 2766 916 2827 et
929 2781 1029 2829 suam
1050 2759 1182 2844 cogita-

118 2870 249 2938 tionem
272 2887 361 2935 novo
388 2869 490 2936 modo
514 2867 718 2950 illustrabit,
753 2869 836 2935 dum
870 2868 1032 2952 anquiret
1063 2874 1181 2934 utrum

121 2996 230 3045 necne
244 2978 366 3044 deceat
384 2975 559 3043 orationes
581 2975 746 3042 scribere.

165 3087 250 3152 Cum
275 3087 391 3151 autem
430 3086 548 3168 pateat
566 3082 677 3163 illam,
699 3102 776 3167 quae
796 3083 869 3148 sere
884 3086 994 3148 totum
1010 3082 1182 3166 Gorpiom

80 3175 85 3182 ⁸
118 3192 254 3278 implet,
273 3189 468 3256 doctrinam
484 3191 634 3255 Phccdro
649 3208 785 3274 qnoque
807 3188 936 3269 inesse,
968 3207 1084 3254 nonne
1113 3207 1184 3254 cer—

118 3299 464 3366 tum'estPlatonem
493 3297 630 3363 duabus
663 3295 848 3362 contrariis
882 3294 1103 3380 opinionibus
1142 3297 1184 3362 de

120 3405 295 3474 rhetorica
307 3403 463 3471 vicissim
484 3423 552 3470 non
573 3403 771 3486 indulgere,
789 3402 862 3468 sive
885 3403 1070 3482 Phaedrus,
1112 3402 1185 3468 sive

121 3514 274 3599 Garoias
289 3513 440 3595 legatur,
462 3509 512 3577 ita
531 3515 570 3576 ut
595 3507 804 3576 rhetoricam
831 3527 924 3576 nunc
958 3507 1120 3575 restituat
1153 3512 1187 3573 et

120 3616 353 3697 commendet,
373 3634 466 3683 nunc
485 3614 596 3681 oderit
612 3618 646 3681 et
661 3617 780 3681 arceat
791 3614 858 3699 (2ll
875 3615 1002 3680 Contra
1015 3613 1187 3678 Phaedrus

158 3881 181 3948 (t
191 3896 195 3934 t
206 3877 337 3945 ‚Phaedr.,
348 3875 432 3930 274ss

159 3961 185 4032 (2
213 3959 249 4016 Cf
270 3958 445 4029 Barthclemy
461 3954 693 4023 Satur-Humum,
711 3954 889 4025 Rhetoriqnc
912 3952 1078 4021 d’Aristote,
1096 3954 1150 4007 rol.
1166 3953 1187 4022 1,

1027 4079 1040 4121 t
