2782 4734
473 1014 855 1143 6611611116

174 1730 212 1790 11
234 1725 385 1788 Plaedro
407 1723 483 1807 ipso
501 1728 662 1790 Socrates
682 1739 719 1790 ut
736 1724 936 1789 methodum
953 1741 1054 1788 suam
1073 1724 1198 1808 616111,

126 1832 180 1898 sic
200 1850 243 1898 ea
260 1828 382 1896 utitur.

172 1941 332 2004 Socrates
346 1935 440 2001 enim
451 1938 601 2003 Phaedro
614 1938 702 2002 sorte
713 1935 865 2002 occurrit
878 1936 1026 2002 miritiee
1043 1938 1199 2003 laudanti

126 2050 162 2110 61
192 2041 336 2126 Lysiam
365 2041 468 2127 eujus
497 2062 609 2128 nuper
634 2044 844 2129 praeclaram
871 2041 981 2108 audiit
1006 2041 1200 2110 orationem

125 2157 162 2219 61
185 2149 399 2216 rhetoricam
425 2168 505 2233 quae
533 2149 688 2232 Lysiam,
714 2156 752 2216 ut
779 2149 813 2215 ei
843 2149 991 2229 videtur,
1026 2155 1198 2217 oratorem

127 2257 256 2325 effecit.
275 2259 431 2322 Necnon
456 2257 628 2322 Phaedrus
647 2255 751 2322 risiae
770 2255 979 2339 Gorgiaeque
994 2257 1199 2343 compendia

123 2363 268 2432 edidicit
289 2369 324 2429 61
337 2362 488 2448 juvenili
510 2365 662 2429 candore
682 2362 861 2448 praedicat.
888 2365 1016 2429 Contra
1040 2365 1199 2432 Socrates

127 2470 243 2553 magis
262 2488 368 2554 quam
388 2468 458 2535 diei
486 2474 600 2554 potest
622 2469 696 2535 odit
724 2475 760 2536 et
785 2469 978 2536 contemnit
999 2469 1092 2537 viros
1111 2470 1198 2538 istos

124 2577 184 2662 qui
194 2578 430 2643 adulteratam
446 2577 603 2644 vendunt
618 2576 804 2643 scientiam
818 2581 854 2642 et
866 2577 1014 2643 rotundo
1027 2595 1087 2644 ore
1101 2597 1197 2644 men·

124 2683 228 2752 dacia
247 2683 476 2768 profundunt.
507 2685 572 2750 Sed
599 2685 705 2767 longe
726 2684 826 2749 abest
845 2688 885 2750 ut
908 2682 1099 2768 sophistas,
1121 2685 1200 2751 rhe-

126 2798 219 2858 tores
250 2810 272 2856 a
301 2790 451 2855 Phaedro
478 2791 631 2856 delectos
663 2793 697 2856 et
723 2791 918 2856 celebratus
943 2789 1001 2855 1116
1034 2794 1069 2856 61
1103 2810 1198 2858 nune

123 2895 368 2980 adgrediatur,
411 2895 589 2962 mordicus
630 2895 808 2981 corripiat.
856 2899 988 2981 Nempe
1026 2897 1197 2965 Phaedrus

127 3002 269 3087 Lysiam
306 3007 413 3068 amat.
453 3001 518 3078 Qui
558 3002 686 3086 Lysiae,
719 3001 750 3069 is
779 3008 814 3069 et
846 3002 996 3068 Phaedro
1029 3004 1198 3085 offendat,

119 3109 243 3195 Juveni
265 3107 499 3174 diffidentiam
514 3107 676 3190 incutiat,
699 3128 811 3194 neque
829 3128 984 3192 unquam
1004 3128 1084 3177 eum
1100 3112 1154 3177 vel
1174 3131 1196 3178 a

55 3250 75 3276 v.
124 3215 280 3302 pessima
300 3214 475 3282 sententia
496 3218 683 3283 deterreat.
705 3219 818 3292 Quare
844 3218 1002 3283 Socrates
1024 3236 1093 3283 161
1120 3216 1196 3284 1116

123 3310 264 3407 quidem
279 3321 373 3389 dulei
398 3321 472 3389 risu
497 3322 660 3389 laudibus
680 3324 723 3389 de
745 3322 850 3407 Lysia
873 3322 1068 3390 assentitur
1083 3328 1118 3390 61
1136 3343 1196 3392 eas

118 3431 272 3516 jocando
291 3428 496 3515 amplificat.
520 3427 619 3511 Dein,
637 3429 727 3497 sicut
748 3429 907 3497 medicus
927 3434 1073 3513 aegroto,
1096 3433 1194 3499 Phre-

122 3539 186 3603 dro
202 3538 373 3616 medetur,
395 3536 586 3603 Phaedrum
607 3539 720 3617 curat,
742 3555 878 3603 errores
899 3535 976 3622 ejus
1001 3543 1036 3604 et
1063 3535 1196 3605 illusio·

31 3723 34 3728 ,
123 3663 187 3710 161
218 3647 348 3728 purgat
379 3644 560 3728 fugatque,
593 3645 735 3711 demum
763 3643 918 3711 salsiset
941 3643 1198 3732 1161111116ρί-

125 3749 288 3817 trionibus
314 3768 434 3816 veram
459 3753 494 3816 et
519 3748 667 3816 solidam
698 3749 911 3818 substituere
943 3748 1141 3833 scientiam,
1162 3756 1198 3819 61

123 3857 284 3924 animum
328 3856 505 3924 sincerum
552 3856 809 3942 secundumque
848 3855 977 3944 optimo
1015 3855 1197 3944 sapientia»

124 3963 260 4030 semine
291 3963 467 4030 instruere
489 3966 610 4031 tentat.
633 3966 818 4048 Nunquam
841 3981 923 4031 vero
944 3963 1196 4050 paedagogum,
