2782 4734
651 546 833 634 ..66-

207 706 420 794 opinionem,
434 727 539 792 quam
559 708 863 774 Schlet'ermochcr
887 706 1047 793 concepit
1062 711 1096 774 et
1112 725 1282 794 propaga·

210 815 272 895 vit,
297 813 422 900 rejicit,
440 812 546 880 aliam
564 814 845 902 proponit.·hlihi
869 833 952 880 vero
976 813 1092 894 liceat,
1118 815 1279 898 quamvis

205 924 333 987 Boutta
348 922 459 988 multa
474 920 507 985 vi
528 928 562 988 et
578 920 782 988 sinceritate
807 939 909 988 suum
936 920 1104 1006 placitum
1125 921 1280 1006 proferat

207 1034 241 1094 et
255 1032 412 1113 exponat
426 1030 485 1111 (l),
507 1026 665 1094 indicare
684 1046 740 1094 me
760 1029 880 1093 eadem
903 1025 1100 1113 repperisse
1119 1026 1156 1092 in
1176 1046 1279 1113 opere
1328 1099 1330 1104 ,

210 1133 386 1199 anteriore
406 1133 527 1219 optimi
543 1138 578 1200 et
596 1133 794 1200 acutissimi
809 1152 827 1200 e
844 1132 1059 1216 nostratibus
1080 1131 1278 1218 philosophi

203 1240 334 1321 Atfrcd
362 1241 533 1320 Fout'lle‘c,
563 1259 631 1324 quo
658 1240 746 1307 duce
766 1246 801 1305 et
819 1242 961 1305 auctore
991 1238 1174 1304 materiem
1195 1239 1276 1324 jam

208 1347 364 1411 tractabo
385 1346 430 1432 (2)

245 1454 319 1517 Non
340 1470 456 1518 meum
478 1457 531 1518 est
559 1452 616 1519 hic
637 1452 823 1537 anquirere
843 1457 877 1518 et
896 1450 1093 1538 dijudicare
1129 1452 1213 1536 quid
1232 1454 1276 1518 ad

170 1603 176 1607 -
199 1558 455 1644 philosophiam
470 1562 609 1625 valeant
622 1557 841 1625 nobilissima
854 1558 916 1624 illa
927 1557 1085 1625 Platonis
1099 1561 1272 1642 figmenta

200 1683 264 1730 noo
295 1663 378 1748 quid
412 1664 457 1730 sit
485 1684 608 1730 revera
651 1664 926 1744 reminiscentia,
962 1672 1023 1731 aut
1063 1667 1181 1747 figura
1210 1669 1271 1730 aut

199 1772 328 1853 dogma
340 1779 401 1838 aut
416 1771 543 1837 mentis
561 1773 725 1839 humanae
745 1798 757 1832 i
776 1773 820 1836 ah
840 1770 1014 1837 exteriore
1045 1791 1163 1837 rerum
1199 1773 1275 1837 ads·

203 1903 215 1935 l
245 1882 347 1961 pectu
370 1879 413 1943 au
436 1877 618 1963 superiora
646 1877 856 1944 naturalis»
898 1881 1024 1944 motus.
1057 1881 1131 1944 Hoc
1155 1882 1274 1944 autem

199 1989 334 2068 oportet
360 1989 479 2050 tenere
514 1995 548 2050 et
586 1990 770 2070 procerte
803 1986 931 2050 hahere
971 1984 1273 2051 reminiscentiam

202 2091 307 2156 veluti
329 2090 478 2157 solidum
510 2092 692 2158 rhetorica
725 2091 841 2177 ipsius
865 2100 900 2158 et
930 2091 1125 2157 dialecticas
1153 2095 1274 2158 [huua-

202 2201 356 2264 mentum
374 2216 463 2264 esse.
485 2197 681 2264 —Etenim
698 2198 728 2264 si
749 2197 881 2264 Socrati
894 2202 929 2264 et
947 2197 1085 2264 Platoni
1105 2197 1271 2274 creditur,

200 2310 281 2371 aute
297 2304 416 2370 omnia
436 2323 579 2372 necesse
594 2310 648 2370 est
661 2304 844 2371 veritatem
862 2303 1014 2371 novisse.
1036 2343 1080 2351 -
1098 2308 1155 2386 At,
1173 2305 1274 2372 aiunt

200 2411 378 2497 sophistae,
397 2412 527 2479 veritas
550 2430 618 2478 non
635 2416 701 2492 est,
723 2415 806 2479 sunt
825 2415 961 2478 tantum
980 2411 1115 2498 species
1141 2416 1176 2478 et
1202 2412 1273 2498 opi-

201 2517 335 2585 niones.
355 2523 396 2585 ut
413 2517 478 2584 viri
499 2519 655 2586 omnium
672 2517 896 2585 subtilissimi
909 2518 998 2584 miro
1012 2520 1126 2600 mode,
1140 2502 1273 2585 callida

200 2624 507 2708 argumentatione
523 2625 692 2711 placitum
707 2625 802 2692 istud
822 2628 1081 2692 commendant.
1116 2625 1270 2713 Scilicet,

201 2735 239 2798 ut
252 2731 443 2813 disserunt,
461 2735 522 2799 aut
540 2738 578 2799 tu
599 2732 780 2799 veritatem
798 2733 919 2813 habeS,
934 2736 1038 2816 atque
1053 2732 1135 2800 inde
1148 2732 1273 2800 inut'le

201 2841 254 2904 est
273 2846 306 2904 te
326 2858 403 2906 eam
424 2858 602 2923 quaerere3
620 2843 681 2905 aut
700 2857 769 2905 non
790 2839 911 2919 hahes
947 2843 1051 2923 atque
1089 2837 1170 2905 inde
1203 2858 1272 2905 non

202 2949 297 3031 potes
314 2965 391 3013 eam
407 2965 576 3031 quaerere.
595 2948 726 3031 Nempe
747 2945 849 3010 homo
877 2964 945 3011 non
978 2946 1081 3012 dehet
1100 2964 1272 3029 quaerere
1347 2981 1349 2986 ·

205 3233 215 3260 r
238 3219 300 3266 tour
314 3213 431 3266 termine
447 3230 497 3283 par
511 3215 535 3267 le
551 3213 633 3267 detail
648 3213 682 3267 de
696 3218 757 3266 tout
771 3229 802 3266 ce
818 3213 864 3282 qui
880 3218 945 3282 peut
961 3212 1122 3267 contribuer
1136 3213 1152 3266 ri
1166 3215 1194 3268 la
1205 3232 1270 3284 per-

205 3314 215 3341 «
237 3293 338 3346 fection
367 3295 402 3345 cle
431 3294 628 3348 l'Orotcur...»
658 3293 786 3365 Quodsi
807 3293 944 3362 interpres
967 3293 1067 3347 illectu
1085 3294 1271 3348 dialecticieu

202 3375 370 3444 scripsisset,
385 3374 459 3428 haud
474 3381 529 3428 tam
545 3391 630 3445 prava
643 3375 704 3444 ejus
720 3373 856 3428 sententia
872 3380 955 3427 esset.

239 3455 276 3523 (l)
296 3454 361 3523 Pag.
379 3453 445 3507 284:
469 3475 479 3502 o
498 3455 552 3508 Der
571 3455 659 3508 inhalt
673 3455 722 3508 des
737 3455 848 3524 Mpthus
864 3454 937 3507 steht
951 3455 1010 3508 also
1027 3471 1059 3507 zu
1078 3455 1132 3508 den
1147 3455 1270 3510 deutlich

203 3556 213 3583 i
236 3534 388 3588 marhirten
409 3534 595 3603 Hauptsutzen
617 3535 687 3588 iiber
715 3534 851 3588 Rhetorih
873 3534 902 3587 in
925 3534 1121 3588 wesentlicher
1148 3536 1208 3590 und
1225 3535 1271 3590 fiir

201 3637 211 3664 u
234 3615 376 3670 dieselben
391 3615 586 3669 bedeutsamer
599 3616 771 3684 Beziehung3
788 3615 862 3668 denn
882 3614 1039 3685 diejenigen
1057 3616 1268 3686 Forderungen,

200 3714 212 3746 u
234 3696 339 3749 welche
355 3695 400 3748 fiir
415 3695 459 3748 die
473 3695 565 3748 Kunst
579 3695 628 3749 der
644 3695 721 3748 Rede
739 3695 850 3764 gestellt
868 3695 992 3764 weluen,
1008 3695 1078 3764 zeigt
1091 3695 1142 3749 der
1156 3696 1270 3767 Mythus

201 3799 210 3826 l
233 3778 273 3829 uls
294 3777 428 3831 erli'illbar
448 3777 505 3829 und
526 3776 614 3829 durch
637 3775 687 3828 das
706 3777 812 3830 Wesen
832 3776 882 3828 der
895 3775 1070 3829 menslichen
1084 3776 1162 3830 Seele
1182 3778 1270 3833 selbst

200 3879 210 3905 l
235 3858 411 3911 rorbereitet.
432 3879 441 3906 ll

233 3942 270 4008 12)
291 3940 333 3993 La
351 3938 534 4007 l'ltitosoplu‘c
550 3939 585 3990 ‹lc
601 3939 716 4003 Pluton,
734 3939 829 4005 Puris,
848 3937 938 3998 1869,
956 3939 989 4006 ll,
1004 3938 1204 4008 pagum-‘252
