2782 4734
655 591 810 656 -6-

208 753 287 835 rim,
301 773 407 840 prope
422 750 582 821 inutilem
596 750 748 837 explevit
761 751 960 818 Steltbeunr
971 752 1032 835 (l),
1047 751 1137 835 quod
1148 748 1276 816 attinet

207 873 250 937 ad
268 872 560 938 commentatores
576 887 661 952 ques
678 866 708 934 ei
724 866 863 934 novisse
880 865 990 947 licuit,
1011 870 1058 945 et,
1082 865 1112 931 si
1139 869 1274 933 ceteros

209 985 368 1073 respicio,
391 983 505 1070 quivis
526 983 693 1051 facillime
713 985 757 1049 ad
778 985 883 1049 finem
905 984 1083 1068 perducat.
1113 984 1273 1049 Ceterum

208 1121 311 1169 nemo
331 1101 442 1168 nescit
453 1105 536 1185 quot
551 1104 726 1180 auctores
739 1103 789 1166 tot
801 1099 1007 1165 dePboertre
1023 1117 1149 1165 sensus
1163 1097 1275 1165 luisse

208 1237 358 1304 semper,
381 1236 474 1284 nunc
494 1235 584 1283 esse.
602 1218 748 1283 Veteres
770 1216 866 1282 nullo
885 1216 1272 1295 mede'censenserunt,

207 1333 266 1419 qui
280 1332 397 1400 libelle
417 1331 574 1399 Platonis
596 1331 836 1398 inscribebant
865 1331 939 1398 sive
967 1336 1029 1418 περὶ
1054 1338 1170 1416 ἔρωτος,
1199 1329 1274 1397 sive

207 1455 271 1536 περὶ
291 1460 395 1536 ψυχῆς,
419 1448 493 1515 Sive
516 1454 579 1536 περὶ
599 1457 759 1535 ῥητορικῆς,
779 1447 853 1516 sive
876 1453 939 1534 περὶ
957 1449 1094 1533 τάγαθοῦ,
1107 1442 1274 1514 libentius

208 1571 366 1652 veronepl
384 1572 488 1632 καλοῦ.
516 1564 652 1632 Criticis
668 1567 785 1631 autem
818 1563 1070 1631 recentioribus
1099 1567 1134 1630 et
1166 1563 1274 1630 edito-

181 1674 304 1749 'ribus
320 1681 407 1749 illud
434 1687 496 1768 περὶ
519 1688 611 1748 aanor
645 1680 841 1766 praesertim
875 1680 1023 1768 placuit:
1059 1666 1126 1764 quo
1154 1684 1274 1746 tamen

118 1877 121 1884 ¹
207 1796 422 1883 propositum
443 1796 600 1865 Platonis
625 1795 684 1862 vix
710 1796 910 1880 attingitur,
946 1799 1073 1864 nedum
1110 1796 1274 1880 dialogus

206 1915 299 1979 totus
333 1913 661 1998 comprehendatur.
697 1915 815 1996 Neque
844 1931 1000 1979 amorem
1025 1916 1086 1980 aut
1114 1911 1273 1979 animum

158 2037 162 2044 '
207 2031 268 2096 aut
289 2029 418 2094 bonum
437 2029 636 2096 absolutum
657 2029 757 2095 Plato
777 2031 915 2115 spectat
933 2028 1049 2107 unice,
1067 2048 1179 2113 neque
1198 2030 1275 2115 pul-

208 2163 320 2211 crum.
344 2143 408 2221 Qui
428 2143 531 2211 finxit
550 2147 661 2212 artem
683 2144 891 2212 rhetoricam
921 2145 1054 2232 primas
1092 2149 1209 2231 partes
1238 2145 1279 2211 in¹

208 2280 370 2328 sermone
389 2263 521 2340 tenere,
550 2260 581 2328 is
602 2280 688 2328 sane
707 2281 728 2327 a
749 2260 896 2329 veritate
934 2261 1050 2329 minus
1076 2261 1274 2343 abhorruit,

207 2379 269 2445 sed
298 2397 366 2444 non
390 2397 529 2444 omnem
550 2376 734 2445 veritatem
766 2377 901 2445 invenit
924 2382 958 2445 et
991 2380 1175 2464 amplexus
1207 2381 1272 2444 est.

210 2495 309 2561 Hanc
329 2492 468 2577 quidem
483 2492 682 2578 opinionem
699 2493 774 2580 jam
790 2495 921 2560 dudum
942 2493 1027 2559 vidit
1047 2498 1082 2561 et
1101 2492 1277 2579 expressit

207 2628 300 2674 unus
335 2628 353 2674 e
388 2607 616 2689 nostratibus,
655 2610 788 2675 Settr'er
825 2608 965 2676 nemine
984 2610 1046 2694 (2),
1075 2628 1176 2693 quem
1207 2627 1276 2675 me·

209 2742 347 2790 morare
366 2729 400 2791 et
419 2723 530 2790 obiter
549 2725 694 2791 laudare
716 2744 771 2792 me
787 2743 911 2792 revera
925 2725 1046 2813 juvat3
1068 2724 1118 2792 ait
1132 2727 1249 2791 autem
1265 2741 1272 2790 :

214 2943 216 2949 ’
262 2944 288 3011 l)
306 2945 337 2998 G.
356 2945 536 3014 Sminssnun,
551 2945 685 2999 Plutonis
705 2963 793 3016 opere
820 2948 952 3001 omnin...
989 2949 1047 3002 l'el.
1077 2950 1126 3003 Il'.
1153 2950 1228 3006 Sect.
1250 2953 1274 3007 l.

208 3025 367 3078 Centiecus
384 3025 554 3079 Phaedrum.
571 3025 671 3079 Editio
691 3027 851 3080 seeundo...
873 3027 1090 3083 Mucccbl'lr.

247 3106 282 3173 (2)
297 3106 376 3160 Abhe'
389 3106 524 3174 Snunmn,
540 3107 707 3175 Arpumeet
721 3112 748 3160 et
763 3108 861 3161 Precis
890 3109 930 3162 clu
954 3109 1098 3178 Dielepue
1113 3112 1147 3165 rlc
1167 3111 1276 3166 Platea

209 3185 332 3238 intitulc'
345 3188 371 3239 lc
385 3185 509 3240 Phedre.
525 3187 653 3240 Histoire
668 3189 703 3242 cle
718 3188 1014 3258 l'Aceclc'micReyelc
1025 3191 1072 3243 des
1083 3192 1276 3262 [rescriptione

209 3266 342 3319 ethlles
370 3267 515 3321 Lettrca..
544 3269 628 3321 Teme
652 3269 816 3322 Neuriemc.
845 3269 868 3322 A
899 3269 996 3337 Perta,
1015 3270 1050 3324 {le
1070 3272 1277 3341 t'Imprimerie

102 3392 105 3395 ,
207 3347 318 3415 Repete
332 3366 342 3413 ,·
358 3347 434 3400 M.D
458 3349 604 3402 CXXXVI.
620 3381 653 3388 —
668 3350 734 3418 Peg.
752 3349 841 3402 4a57.
857 3350 914 3403 «Le
930 3350 1278 3422 sujetdecedialogueest

210 3447 220 3474 l
243 3427 269 3479 la
282 3427 464 3497 Rhe'torique,
482 3444 517 3482 ou
533 3429 595 3483 l'art
605 3429 639 3484 de
650 3431 751 3500 parler,
766 3435 825 3483 et...
843 3430 913 3500 iln’y
924 3448 939 3485 a
950 3431 1010 3484 rien
1026 3432 1095 3486 dans
1108 3440 1168 3487 tout
1182 3451 1276 3504 ecque

209 3525 221 3557 n
242 3507 335 3560 disent
348 3509 390 3562 les
405 3509 629 3577 interlocuteursi,
646 3511 755 3565 Phedre
767 3516 793 3564 et
808 3510 930 3580 Socrate,
947 3513 993 3582 qui
1024 3515 1069 3584 n'y
1096 3513 1133 3568 ait
1159 3515 1276 3570 directe·

212 3607 222 3634 l
246 3593 321 3640 ment
336 3595 458 3658 rapport.
478 3611 488 3638 i
504 3590 568 3645 Non
581 3591 670 3659 aliter,
687 3598 717 3645 ut
730 3590 797 3644 mihi
811 3591 929 3661 videtur,
946 3594 1051 3663 putavit
1073 3601 1100 3648 et
1124 3595 1276 3664 disputavit

209 3667 501 3736 RudelfusX'riheer,
531 3671 665 3725 Platonis
695 3672 730 3724 cle
759 3673 926 3742 eloquentie
950 3674 982 3728 irc
1010 3673 1135 3728 Puaeuro
1157 3675 1275 3744 dialepe

205 3747 388 3813 jeremiam...
406 3744 553 3818 Spondere
571 3750 660 3805 1868.
676 3751 757 3821 Vide,
766 3769 827 3822 pag.
839 3752 887 3807 lo:
909 3775 918 3803 l
937 3754 1123 3818 Quamobrem
1135 3755 1275 3826 itadispu·

211 3849 221 3875 n
244 3828 375 3882 tationem
392 3847 469 3882 suam
487 3831 546 3884 linit
561 3831 698 3899 Socrates,
715 3839 745 3886 ut
759 3833 843 3898 dicat,
860 3851 923 3887 cum
938 3835 1011 3888 artis
1027 3837 1164 3889 oratoriar
1198 3841 1273 3890 tauta

211 3931 219 3955 l
244 3908 277 3961 sit
295 3911 452 3978 prmslanlia
478 3918 608 3982 tantaque
635 3914 805 3983 excellentia,
821 3932 877 3968 non
894 3916 1051 3969 mirandum
1080 3918 1273 3987 esselongunr
1303 3972 1307 3979 ,

211 4008 221 4036 i
245 3989 401 4059 circuitum,
417 4008 474 4045 non
488 3992 625 4050 timendas
640 4009 672 4046 ac
686 3993 908 4050 reformidandas
922 3997 1019 4065 longas
1039 3997 1204 4067 ambages..
1224 4019 1235 4048 i
1293 4004 1296 4009 ’
