2782 4734
604 544 782 610 ...31-

167 736 179 771 «
207 710 255 796 (τὰ
272 709 351 794 ὄντα)
366 706 513 788 noverit,
536 707 633 773 nullo
653 706 755 771 modo
777 702 957 770 meliorem
982 721 1061 769 esse
1091 702 1135 768 ad
1155 703 1230 768 arte

165 842 179 877 (ι
207 814 492 903 persuadendum
510 812 571 898 (1).
594 837 608 872 »

207 925 397 1006 Postquam
420 938 504 986 vero
523 921 683 987 Socrates
703 928 805 985 suam
828 915 1009 1001 cogitandi
1031 919 1065 983 et
1083 913 1231 983 docendi

164 1028 347 1108 rationem,
384 1025 604 1107 dialecticen,
638 1022 838 1111 descripsit,
878 1024 1062 1104 Phaedrus,
1092 1021 1128 1088 id
1157 1020 1231 1089 sive

164 1154 287 1222 parum
303 1131 517 1201 intellexerit
537 1132 611 1200 sive
631 1151 700 1199 non
717 1133 904 1217 approbet:
933 1157 945 1190 «
964 1132 1021 1211 ht,
1038 1128 1100 1208 ait,
1117 1129 1196 1196 rhet
1219 1167 1231 1177 -

166 1269 179 1302 «
209 1241 282 1309 rica
302 1240 440 1308 videtur
468 1239 554 1305 mihi
574 1258 638 1306 nos
665 1239 780 1306 adhuc
811 1240 920 1306 latere
940 1237 998 1324 (2).
1029 1261 1043 1298 a
1072 1239 1230 1304 Socrates

162 1352 279 1417 autem
305 1350 349 1415 ab
370 1366 411 1415 eo
431 1348 574 1414 subdole
601 1351 704 1431 rogat
722 1346 766 1412 ad
786 1344 868 1431 qnid
896 1346 1042 1426 alludat,
1070 1348 1105 1411 et
1132 1344 1231 1413 Phae·

162 1457 247 1522 drus
267 1455 457 1540 respondet
476 1473 514 1534 se
532 1455 709 1540 praecepta
728 1456 763 1520 et
781 1454 925 1537 regulas
946 1453 1125 1519 rhetorum
1141 1451 1230 1518 velle

161 1561 289 1629 dicere.
305 1564 388 1639 Quae
404 1579 485 1628 vero
504 1563 662 1628 Socrates
678 1558 766 1646 ipse,
784 1563 822 1627 ut
856 1578 964 1645 supra
983 1545 1068 1640 dixi,
1088 1557 1231 1644 exponit

161 1673 196 1736 et
223 1671 442 1749 denumerat,
472 1669 532 1735 sed
562 1666 713 1734 breviter
736 1669 769 1734 et
794 1666 939 1734 cursim.
962 1668 1092 1752 Nempe
1119 1664 1229 1733 satius

162 1775 194 1842 ei
219 1775 284 1843 suit
312 1781 346 1843 et
370 1774 509 1842 facilius
537 1775 581 1841 de
612 1772 832 1860 perridiculis
865 1771 1025 1840 artificiis
1052 1772 1166 1859 jocari
1197 1777 1231 1839 et

162 1881 274 1967 lepide
300 1881 405 1966 loqui.
432 1882 571 1961 Contra,
597 1883 636 1947 ut
659 1879 866 1947 clementem
896 1880 1102 1965 profiteatur
1134 1877 1230 1944 indo-

162 1989 244 2068 lem,
261 1987 374 2074 parcit
389 1991 423 2055 et
438 1986 679 2054 inventoribus
692 1985 926 2074 sterilissimae
946 1984 1092 2052 rationis
1112 1989 1147 2052 et
1162 1985 1231 2051 dis-

161 2095 287 2181 cipulis
303 2098 467 2180 quotquot
489 2113 526 2160 se
546 2093 683 2162 dicendi
701 2093 829 2179 peritos
843 2094 925 2160 inde
943 2094 1015 2160 sore
1035 2094 1227 2160 confidunt.

204 2205 297 2285 Ergo
318 2203 487 2282 rhetores,
514 2200 594 2268 licel-
623 2220 661 2268 se
687 2199 774 2268 artis
801 2200 906 2287 huJus
938 2203 1114 2287 compotes
1146 2219 1225 2267 esse
1270 2229 1272 2234 ·

161 2310 360 2390 adfirment,
394 2307 546 2393 speciem
574 2311 711 2374 tantum
752 2312 786 2374 et
817 2307 960 2374 inanem
992 2309 1152 2374 umbram
1177 2326 1229 2373 se-

161 2419 316 2499 quuntur
344 2434 386 2481 ao
406 2419 537 2481 tenent.
569 2413 720 2494 Etenim,
741 2418 925 2500 postquam
950 2412 1114 2499 discipuli
1141 2432 1228 2499 prae-

160 2521 271 2608 ceptis
310 2521 539 2610 sermnisque
576 2526 611 2589 et
648 2520 782 2605 regulis
821 2526 931 2588 semet
969 2521 1158 2607 implevere
1195 2528 1230 2587 et

160 2646 363 2709 oneravere,
384 2629 500 2695 adhuc
519 2627 671 2714 impares
685 2647 770 2710 esse
789 2627 939 2695 orationi
958 2629 1003 2695 ad
1019 2630 1230 2714 persuaden-

160 2737 244 2802 dum
264 2740 355 2821 aptae
376 2737 625 2821 componendae
641 2734 816 2815 videntur,
842 2739 878 2803 et
897 2737 1030 2802 nullam
1051 2733 1119 2802 nisi
1138 2734 1175 2801 in
1191 2754 1229 2803 se

159 2842 247 2928 ipsis
278 2843 406 2909 habent
425 2861 525 2928 opem
550 2846 585 2909 et
612 2842 870 2928 adjumentum,
893 2842 923 2909 si
943 2842 1030 2909 forle
1050 2841 1167 2909 dicere
1195 2847 1230 2910 et

160 2967 267 3032 agere
305 2952 491 3032 cogantur.
516 2948 704 3017 Rhetorica
736 2951 891 3030 demum,
924 2968 1029 3034 qnam
1062 2949 1228 3035 sophistae

159 3055 373 3141 praedicant,
389 3055 565 3122 neminem
592 3074 746 3140 unquam
775 3075 896 3123 veram
915 3054 1149 3141 eloquentiam
1170 3056 1228 3121 do-

159 3161 232 3229 cuit
269 3167 331 3230 aut
360 3162 508 3243 docebit,
540 3162 667 3249 quippe
696 3183 774 3248 quae
806 3162 893 3229 nihil
933 3162 1034 3244 sciat,
1065 3165 1109 3229 ad
1141 3161 1228 3228 nihil

160 3269 287 3350 valeat,
309 3269 469 3354 quamvis
486 3288 524 3336 se
549 3269 668 3336 omnia
690 3269 793 3351 scire,
815 3272 859 3336 ad
883 3269 1001 3336 omnia
1030 3271 1148 3337 valere
1167 3289 1228 3337 au-

158 3376 280 3443 dacter
299 3377 499 3443 contendat.

207 3484 340 3551 Volunt
360 3484 517 3550 rhetores
545 3486 580 3550 et
610 3483 776 3570 sophistae
797 3488 932 3574 ceteros
961 3483 1122 3552 homines
1151 3503 1227 3570 per-

159 3589 320 3656 suadere.
343 3589 408 3656 Sed
435 3589 544 3656 alium
579 3608 714 3675 quoque
738 3595 999 3677 prosequuntur
1030 3593 1148 3674 finem,
1170 3609 1227 3676 po·
1303 3583 1306 3587 ’

196 3853 232 3922 (l)
254 3854 383 3922 Phaon,
399 3854 453 3908 260
467 3855 499 3908 l).

196 3935 232 4004 (2)
254 3937 383 4003 Phrada,
401 3935 453 3989 266
466 3938 496 3990 C.
