2782 4734
628 556 838 642 -724

191 735 402 817 magistrum
430 734 656 820 imperiosum
690 739 724 801 et
752 736 935 820 plagosum
970 731 1140 812 imitatur,
1170 750 1262 798 nun-

189 859 294 923 quam
321 840 508 905 Phaedrum
536 838 774 925 disputantem
800 842 861 905 aut
884 835 1183 904 contradicentem
1203 855 1261 902 ac-

189 948 291 1012 cerhe
315 951 350 1012 et
374 947 522 1030 superbe
553 945 700 1032 repellit.
728 944 885 1011 Primum
915 943 1047 1010 indicat
1066 946 1204 1010 tantum
1225 947 1261 1009 et

190 1050 248 1115 vix
272 1040 416 1134 stringit
432 1070 504 1117 rem
522 1050 808 1117 examinandam.
832 1053 1030 1132 Interrogat
1052 1050 1259 1127 Phaedrum,

189 1159 360 1224 Phaedrus
377 1158 574 1243 respondet.
594 1159 752 1224 Socrates
769 1156 862 1222 enim
878 1155 961 1240 quid
981 1155 1060 1234 scit,
1073 1154 1155 1239 quid
1168 1159 1261 1221 cete-

190 1283 247 1330 ros
266 1265 390 1330 docere
409 1265 545 1348 potestl
566 1263 678 1330 Ceteri
699 1268 833 1343 contra,
856 1263 1045 1330 dummodo
1067 1280 1136 1327 non
1158 1280 1262 1347 repu-

190 1375 313 1453 gnent,
329 1369 396 1455 ipsi
417 1389 460 1436 ex
486 1369 572 1456 ipsis
595 1371 747 1436 efferunt
775 1371 904 1435 multas
930 1371 1038 1435 bonas
1062 1373 1097 1435 et
1115 1369 1261 1455 pulcras

191 1475 348 1542 notiones
362 1475 487 1560 quilius
506 1478 595 1542 liunt
610 1479 643 1542 et
657 1475 819 1542 meliores
833 1479 867 1542 et
881 1474 1086 1562 pulcriores.
1103 1477 1260 1551 Quorum

190 1583 348 1648 Socrates
369 1601 438 1648 non
459 1602 496 1648 se
513 1584 744 1668 professorem
762 1582 887 1668 jactat,
905 1584 965 1649 sed
991 1584 1163 1670 matronae
1184 1582 1263 1646 obs÷

191 1686 306 1754 tetrici
322 1707 359 1754 se
380 1687 532 1755 similem
552 1687 721 1774 praedicat
740 1708 831 1772 quae,
853 1687 935 1755 licet
950 1687 996 1753 sit
1014 1687 1092 1772 ipsa
1111 1685 1259 1766 sterilis,

190 1793 270 1860 aliis
290 1813 390 1879 opem
402 1798 549 1880 praestat
562 1798 596 1860 et
606 1813 728 1862 earum
743 1795 834 1861 setus
846 1794 882 1859 in
899 1796 1014 1861 lucem
1028 1791 1259 1879 peritissime,

190 1899 394 1966 felicissime
414 1900 540 1967 educit.
558 1903 730 1967 Phaedrus
747 1900 869 1984 magni
888 1899 973 1967 iacit
993 1899 1204 1966 rhetoricam
1226 1905 1262 1965 et

191 2005 380 2091 sophistas,
413 2008 572 2072 Socrates
604 2006 742 2090 quidem
768 2006 800 2074 ei
828 2009 871 2073 de
900 2005 1191 2073 hocconsentire
1221 2024 1261 2071 se

191 2111 345 2178 simulat.
368 2115 488 2179 Nonne
503 2132 586 2179 vero
600 2113 682 2180 licet
696 2116 739 2180 de
760 2113 933 2180 rhetorica
952 2112 1070 2179 varias
1091 2131 1261 2179 exercere

190 2217 430 2301 quaestiones?
455 2222 497 2285 Et
524 2218 736 2303 quaestiones
767 2239 786 2286 e
810 2219 1062 2303 quaestionibus
1094 2219 1259 2299 serendo,

191 2343 285 2391 nurrc
298 2326 500 2405 refellendo,
523 2346 617 2393 nunc
632 2327 862 2406 defendenda,
883 2328 1069 2407 Phaedrus,
1086 2324 1260 2412 paulatim

192 2450 213 2496 a
241 2433 381 2498 Socrate
408 2436 530 2518 captus
551 2438 586 2499 et
604 2432 828 2517 illaqueatus,
842 2432 917 2519 jam
939 2452 1008 2498 non
1028 2432 1165 2499 dubitat
1180 2434 1261 2500 rhe-

189 2543 282 2604 tores
295 2538 462 2605 conviciis
477 2542 511 2605 et
529 2539 669 2625 injuriis
690 2543 883 2608 cumulare.
901 2543 947 2607 ht
955 2539 1121 2626 Juvenem
1138 2541 1260 2606 Socra-

190 2649 242 2712 tes
278 2647 322 2711 ad
351 2646 558 2712 modestiam
598 2652 632 2714 et
659 2647 882 2714 clementiam
915 2654 1066 2713 revocat.
1096 2648 1260 2714 Socrates

190 2751 300 2835 igitur
323 2752 420 2818 litem
444 2752 605 2820 obtinuit.
632 2756 820 2821 Phaedrum
850 2753 951 2838 quasi
981 2773 1089 2820 mauu
1108 2753 1261 2840 arripuit

189 2864 224 2923 et
242 2857 278 2923 in
300 2862 430 2924 rectam
455 2858 548 2925 viam
576 2861 707 2926 sensim
733 2860 929 2928 introduxit
945 2860 1005 2945 (l).
1029 2864 1137 2925 Immo
1158 2861 1261 2926 Phae-

189 2965 292 3030 drum
312 2984 418 3051 prope
438 2966 614 3052 persuasit
633 2967 812 3048 veritates
833 2966 1021 3051 dequibus
1045 2969 1110 3044 suh
1126 2986 1260 3034 sermo-

190 3070 244 3137 nis
267 3074 372 3138 linem
392 3076 495 3139 ambo
515 3073 751 3155 consentiunt,
773 3094 792 3140 a
813 3075 962 3140 Phaedro
982 3073 1096 3160 potius
1117 3092 1224 3158 quam
1238 3096 1260 3140 a

190 3181 329 3246 Socrate
360 3179 521 3246 inventas
542 3200 631 3247 esse.
661 3184 714 3247 lta
742 3187 781 3247 ut
800 3181 965 3247 veritates
992 3181 1063 3247 illae
1085 3181 1161 3266 jam
1187 3181 1260 3247 sint

189 3304 271 3369 pars
291 3288 452 3370 quaedam
482 3286 606 3352 intima
626 3292 660 3353 et
685 3286 857 3355 naturalis
887 3287 997 3353 animi
1019 3286 1173 3368 Phaedri,
1198 3289 1259 3372 qui

190 3411 249 3457 eas
271 3392 411 3458 habehit
434 3398 467 3458 et
487 3393 676 3460 fortissime
696 3395 870 3474 desendet,
892 3393 1064 3461 acerrime
1084 3414 1260 3480 propaga-

191 3497 239 3563 hit
259 3498 350 3566 sicut
367 3502 495 3566 honum
515 3499 596 3583 quid
622 3500 813 3586 proprium,
836 3505 895 3567 aut
915 3501 1047 3567 amabit
1070 3506 1103 3568 et
1128 3501 1260 3568 fovebit

191 3608 228 3670 ut
247 3604 374 3671 liheros
389 3610 500 3691 pater.

205 3790 261 3858 ‘lli
277 3790 319 3844 Cf.
335 3791 467 3859 Phaedon,
484 3789 538 3845 262
552 3791 586 3844 A.
606 3791 690 3845 «ΣΩ.
714 3789 798 3845 Ἀλλά
812 3810 840 3862 γε
855 3789 883 3857 δὴ
900 3791 963 3844 κατὰ
978 3790 1081 3864 σμικρὸν
1098 3766 1255 3863 perstillat

191 3869 318 3941 «μᾶλλον
341 3871 424 3937 λήσεις
446 3867 524 3923 ἐλθὼν
545 3867 585 3922 ἐπὶ
604 3869 633 3923 τὸ
658 3867 795 3938 {lautiori}
818 3869 880 3923 κατὰ
896 3871 968 3942 μέγα.
992 3903 1029 3912 -
1055 3871 1131 3927 ΦΑΙ.
1150 3872 1215 3931 Πῶς
1229 3869 1258 3925 δ’

191 3968 202 3998 a
222 3950 267 4019 05¹3
287 3970 299 4001 a
