2782 4734
612 616 790 684 ..43-

206 781 251 846 At
269 778 376 860 enim,
402 778 494 845 dicet
514 778 643 859 rhetor,
665 799 789 864 parum
814 799 898 847 curo
926 785 1089 847 naturam
1110 779 1224 867 ipsam

162 885 212 951 rei
232 889 274 954 de
290 906 358 972 qua
381 885 528 965 dissero,
547 884 629 952 dum
650 905 711 972 per
731 886 922 954 verisimile
944 887 1126 955 audientes
1149 906 1224 972 per-

161 995 329 1060 suadeam
363 997 396 1060 et
420 992 456 1059 id
480 995 569 1077 quod
597 995 674 1059 rolo
702 993 889 1061 ohtineam.
917 997 1039 1061 Nonne
1074 993 1226 1061 maxime

161 1101 278 1166 errat?
297 1103 431 1180 Nonne,
453 1101 543 1184 quod
562 1100 637 1187 jam
665 1103 943 1168 demonstratum
965 1105 1029 1181 est,
1051 1101 1110 1186 qui
1138 1099 1227 1167 veri-

161 1210 268 1273 tatem
283 1207 436 1290 ignorat,
458 1206 550 1273 idem
575 1213 610 1275 et
629 1208 820 1275 verisimile
850 1208 1002 1292 ignorat,
1024 1213 1127 1293 atque
1153 1228 1224 1280 ars,

161 1333 230 1397 qua
263 1313 398 1394 nititur,
420 1316 575 1401 collapsa
603 1315 695 1382 ruiti
715 1319 817 1395 Num,
849 1315 917 1382 nisi
944 1315 1129 1383 dialectiea
1155 1315 1227 1382 ins·

161 1424 296 1487 tructus
312 1424 346 1488 et
364 1417 503 1502 ductus,
527 1421 708 1489 veritatem
726 1442 880 1507 uuquam
892 1422 1095 1508 occupabit?
1114 1461 1147 1470 -
1169 1425 1226 1502 m,

162 1528 279 1593 rhetor
297 1529 413 1594 adhuc
426 1527 854 1609 contradicet„scientiam
872 1528 957 1594 mihi
972 1548 1051 1595 esse
1066 1527 1226 1596 inutilem

156 1632 231 1718 jam
253 1653 321 1699 non
342 1635 564 1715 contendam,
587 1637 647 1701 sed
663 1634 745 1718 quid
773 1639 825 1701 est
846 1654 909 1702 cur
929 1640 1092 1729 naturam
1119 1633 1227 1700 homi-

161 1759 258 1816 num,
279 1740 337 1825 qui
358 1760 413 1808 me
433 1741 588 1822 audient,
616 1746 720 1809 antea
741 1741 1010 1829 introspexerim
1044 1747 1077 1809 et
1091 1728 1226 1825 cogni·
1326 1822 1328 1826 ι

160 1852 232 1914 tam
252 1848 400 1914 habeam
413 1849 425 1912 l
439 1886 483 1939 ε
503 1852 578 1916 Hac
603 1853 720 1916 autem
741 1848 777 1914 in
798 1869 834 1916 re
857 1869 991 1935 quoque
1011 1848 1224 1931 gravissimo

161 1956 295 2021 laborat
310 1974 450 2036 errore,
463 1957 656 2022 secundum
678 1959 867 2023 Socratem.
890 1960 975 2023 Cum
989 1956 1094 2024 etiam
1112 1958 1224 2023 rheto-

162 2061 235 2128 rica
251 2081 373 2129 revera
393 2062 439 2128 sit
451 2082 509 2129 ars
521 2065 681 2147 quaedam
698 2063 833 2129 animos
856 2064 1001 2147 regendi
1017 2067 1078 2131 aut
1097 2065 1224 2147 guber-

160 2168 268 2234 nandi
282 2188 344 2254 per
358 2169 546 2250 orationes
563 2169 643 2236 inde
660 2172 751 2236 litut
776 2172 893 2237 rhetor
913 2170 987 2237 sive
1006 2175 1123 2237 orator
1152 2169 1225 2236 ani-

159 2294 255 2342 mum
276 2276 481 2357 humanum,
509 2281 661 2344 mentem
693 2279 883 2344 humanam
916 2282 1051 2344 tentare
1071 2282 1105 2344 et
1135 2280 1225 2344 trao-

159 2384 234 2447 tare
254 2383 378 2449 debeat
399 2384 444 2448 ad
473 2383 736 2468 persuasionem
761 2383 995 2450 efficiendam.
1022 2379 1225 2468 Hippocrati

159 2487 297 2572 quidem
327 2488 473 2575 ejusque
496 2490 635 2557 aemulis
661 2493 774 2576 placet
799 2489 1009 2557 medicinam
1038 2509 1106 2556 non
1132 2494 1225 2557 recte

158 2615 265 2678 agere
296 2616 410 2682 posse,
443 2596 511 2663 nisi
539 2597 693 2684 corporis
720 2602 895 2679 naturam,
927 2616 1170 2682 summamque
1190 2601 1225 2664 et

158 2707 275 2787 partes
303 2703 441 2789 penitus
480 2704 726 2791 exploraverit.
753 2705 840 2782 Quid
874 2707 964 2790 quod
992 2725 1110 2773 veram
1146 2724 1223 2772 cor·

158 2809 252 2894 poris
281 2815 443 2877 naturam
465 2810 532 2877 nisi
560 2810 726 2878 universa
753 2811 909 2879 omnium
946 2831 1062 2879 rerum
1095 2816 1221 2878 natura

158 2915 256 3001 prius
276 2916 455 2984 intellecta
475 2937 542 2983 non
570 2917 722 3001 intelligi
741 2939 844 3005 posse
876 2921 1088 3003 adfirmant?
1104 2922 1221 3003 Neque

158 3022 344 3090 immerito.
368 3024 518 3105 Scilicet,
536 3045 651 3092 nonne
671 3027 735 3092 hoc
755 3028 856 3092 modo
879 3025 1063 3093 dialectica
1085 3024 1220 3112 corpori

158 3128 388 3213 intelligendo
404 3133 541 3198 studetl
568 3131 725 3199 Primum
747 3132 898 3217 exquirit
927 3138 1043 3200 utrum
1072 3132 1221 3219 simplex

159 3234 205 3302 sit
228 3256 273 3302 an
302 3236 497 3323 multiplex,
519 3259 596 3323 quae
626 3258 707 3306 vero
738 3245 772 3307 et
802 3241 924 3324 quales
954 3239 1124 3326 simplicis
1153 3238 1223 3305 sint

159 3449 333 3504 retractando
346 3456 373 3503 et
383 3451 462 3520 quasi
473 3467 573 3505 novam
589 3451 715 3504 faciendo
728 3469 782 3507 una
792 3457 834 3505 est
847 3452 938 3506 bonus
950 3458 1057 3519 orator,
1074 3451 1139 3521 quia
1149 3459 1222 3506 recte

158 3529 264 3597 dividit,
282 3536 308 3583 et
322 3530 413 3583 bonus
428 3530 622 3600 philosophae,
635 3531 699 3600 quia
714 3537 787 3584 recte
801 3531 896 3585 definit
914 3533 996 3586 -m
1008 3533 1039 3585 Ε.
1055 3533 1221 3602 Bournoux,

159 3627 205 3679 op.
219 3611 250 3678 l.,
269 3627 329 3679 pag.
341 3610 407 3665 682:
428 3631 438 3659 l
456 3610 536 3664 Ainsi
551 3612 577 3666 la
587 3611 730 3665 definition
746 3612 901 3682 socratique
913 3630 943 3665 se
958 3612 1006 3667 fait
1017 3630 1067 3683 par
1077 3613 1225 3667 lenoncia-
1245 3660 1247 3664 ,

160 3709 172 3741 n
194 3689 252 3743 tion
262 3690 295 3743 de
307 3691 332 3743 ln
343 3691 463 3761 capacite
474 3691 582 3745 interne
592 3693 660 3745 dont
670 3693 695 3745 la
705 3693 790 3745 chose
799 3693 815 3747 a
825 3692 925 3746 detinh·
935 3698 977 3745 est
985 3693 1011 3746 la
1021 3692 1225 3747 manifestation

161 3794 169 3818 ι
194 3771 382 3824 exterieure...
399 3772 475 3825 Pour
502 3772 610 3824 arriver
636 3773 691 3826 ala
706 3771 849 3826 definitior
863 3773 933 3826 ainsi
950 3789 1065 3840 conque,
1082 3775 1108 3826 le
1123 3790 1223 3844 moyen

160 3874 168 3896 α
195 3851 362 3920 qu'emploie
375 3853 487 3905 Socrate
502 3859 544 3905 est
560 3853 742 3905 l’tnduction.
768 3854 845 3908 Getta
869 3853 1012 3922 operation
1028 3870 1057 3905 se
1084 3853 1173 3906 divise
1188 3871 1222 3907 en

161 3953 170 3978 l
194 3931 265 3984 doux
281 3932 383 4000 parties
399 3950 453 4002 que
480 3933 535 3985 l'on
551 3939 615 4002 peut
631 3934 744 4002 appeler
760 3933 922 3986 l’inveulion
937 3939 964 3986 ct
981 3933 1007 3986 la
1021 3933 1190 3987 discussion.
1208 3956 1218 3984 n

157 4044 191 4052 -
207 4011 247 4068 of.
264 4013 297 4064 Α.
315 4012 470 4081 Foolnnhu,
488 4015 517 4066 lo
530 4012 715 4083 Philosophic
730 4013 764 4066 de
778 4013 907 4082 Socrate,
924 4014 945 4080 l,
959 4029 1021 4086 pag.
1032 4012 1077 4069 92.
