2782 4734
595 534 769 634 423-

156 727 318 796 illusione
335 733 461 813 purget
479 732 513 795 et
532 731 577 794 ad
597 728 722 796 melius
735 728 908 814 judicium
929 728 1089 810 inclinet,
1105 729 1224 813 Lysiae

156 835 372 923 propositum
392 839 550 903 Socrates
570 840 706 903 tentare
724 855 793 903 non
811 835 1026 919 dedignatur
1040 840 1074 903 et
1091 840 1225 905 retrac-

155 947 243 1010 tare.
266 945 351 1010 Cum
379 943 472 1010 haud
503 941 624 1029 paucis
662 963 740 1027 quae
775 941 917 1027 Lysiam
952 943 1075 1027 fugere
1112 963 1223 1026 argu-

158 1049 285 1118 mentis
305 1053 435 1130 utatur‚
457 1049 538 1117 inde
550 1053 644 1136 patet
657 1049 798 1134 Lysiam
815 1049 1009 1130 materiem,
1027 1069 1133 1134 quam
1147 1050 1226 1137 ipse

157 1157 311 1241 elegitet
332 1156 398 1224 sibi
420 1159 512 1224 ultro
530 1156 680 1243 sumpsit
708 1156 966 1243 explicandam,
993 1176 1061 1224 non
1091 1158 1226 1226 exhau-

157 1264 259 1332 sisse.
281 1268 330 1331 Ne
346 1283 428 1331 vero
446 1263 578 1332 diutius
598 1263 749 1351 primam
769 1265 861 1330 hanc
880 1263 1032 1331 Socratis
1067 1263 1225 1332 oratiun-

157 1374 272 1439 culam
293 1371 619 1450 circumvectamur,
653 1370 730 1456 ejus
760 1370 906 1438 virtutes
938 1369 1100 1455 Lysianis
1126 1369 1226 1438 vitiis

156 1477 256 1563 quasi
273 1479 483 1559 respondent
498 1496 607 1561 eaque
632 1480 754 1544 notant
778 1496 820 1544 ac
839 1476 1060 1544 denuntiant.
1105 1476 1228 1543 Enim-

158 1604 240 1653 vero
268 1587 322 1652 est
346 1583 497 1652 Socratis
526 1573 649 1665 oratio,
684 1588 723 1651 ut
759 1583 871 1670 ipsius
901 1586 1008 1650 verba
1039 1603 1225 1671 usurpem,

160 1719 176 1753 «
201 1697 369 1777 tanquam
384 1691 516 1758 animal
541 1690 743 1777 composita,
776 1695 811 1758 et
833 1710 959 1777 corpus
986 1692 1091 1758 habet
1119 1710 1227 1759 suum
1270 1739 1272 1743 -

160 1826 176 1860 «
201 1799 312 1885 ipsius
333 1797 511 1884 proprium
528 1797 578 1865 ita
597 1804 636 1865 ut
651 1817 762 1883 neque
789 1797 865 1865 sine
893 1797 1007 1883 capite
1037 1797 1083 1865 sit
1113 1817 1228 1882 neque

160 1931 176 1965 «
203 1905 278 1972 sine
293 1905 452 1992 peditum,
470 1906 531 1971 sed
550 1908 585 1971 et
604 1904 737 1971 medias
753 1909 871 1990 partes
896 1906 1024 1972 habeat
1052 1908 1085 1971 et
1110 1907 1227 1971 extre

160 2039 176 2073 κ
203 2032 279 2079 mas
312 2010 559 2079 convenientes
593 2010 685 2077 inter
730 2031 767 2077 se
813 2003 1029 2096 summaeque
1058 2015 1229 2097 attempe-

162 2141 178 2184 c
196 2123 290 2187 ratas
306 2115 394 2204 nt.»
411 2120 539 2185 Contra
555 2117 707 2202 Lysiasa
722 2117 976 2205 principiorem
992 2120 1035 2185 de
1048 2137 1118 2202 qua
1128 2121 1225 2186 locu·

55 2279 56 2282 ,
158 2231 259 2294 turus
271 2229 324 2292 est
345 2245 388 2292 ne
403 2224 537 2293 indicat
551 2224 704 2310 quidem,
723 2226 851 2292 nedum
871 2225 1028 2306 definiat,
1041 2224 1228 2293 exordium

160 2333 222 2400 fini
238 2332 352 2400 simile
372 2333 476 2399 habet
491 2334 550 2420 (2),
574 2351 642 2398 non
666 2332 855 2412 concludit,
888 2331 1007 2399 omnia
1045 2333 1227 2400 cumulate

160 2439 284 2508 miscet
302 2444 364 2508 aut
378 2438 521 2526 disjicit,
558 2458 628 2506 uno
655 2442 759 2507 verbo
776 2442 912 2508 nullum
934 2444 1039 2506 antea
1070 2439 1227 2526 descrip-

159 2553 234 2616 tum
258 2550 375 2615 servat
404 2565 523 2614 rerum
548 2545 717 2613 ordinem.
755 2548 840 2614 Cum
879 2548 1068 2614 Phaedrum
1096 2548 1228 2632 pudeat

82 2670 84 2675 ’
160 2654 293 2723 Socrati
312 2653 348 2719 in
369 2653 510 2738 Lysiam
532 2652 581 2720 ita
600 2652 779 2720 invehenti
810 2655 978 2734 adnuere,
1017 2652 1230 2721 assimulata

161 2760 341 2830 modestiae
357 2759 485 2847 specie,
517 2764 628 2827 semet
655 2763 839 2853 profitetur
857 2780 925 2827 non
950 2765 1022 2828 tarn
1048 2759 1227 2828 eruditum

160 2873 239 2938 esse
253 2870 290 2936 ut
313 2887 434 2935 omnes
454 2867 569 2953 operis
584 2866 679 2934 illius
699 2867 895 2951 elegantias
909 2873 943 2936 et
958 2866 1228 2935 subtilissimam

51 2972 64 3037 θ’
159 2971 424 3062 dispositionem
440 2971 578 3059 penitus
603 2970 822 3058 introspiciat
841 2975 899 3054 (3).
924 2973 989 3040 Sed
1022 2973 1156 3040 frustra
1184 2974 1229 3039 ad

159 3079 382 3149 dulcedinem
395 3082 429 3146 et
443 3077 667 3146 clementiam
680 3077 828 3146 inclinat
843 3081 1020 3146 Socratem
1041 3078 1112 3163 qui,
1150 3098 1229 3146 nec-

161 3206 230 3255 non
247 3189 301 3254 est
320 3185 557 3254 facetissimus
574 3185 603 3250 is
618 3185 715 3251 litem
731 3185 917 3253 claudendi
935 3187 1072 3264 modus,
1108 3185 1226 3269 Lysiae

51 3270 72 3369 3}
160 3294 355 3363 orationem
377 3295 558 3380 comparat
583 3311 663 3364 cum
698 3292 792 3378 regis
827 3292 930 3359 Midae
968 3292 1144 3379 epitaphio
1183 3295 1228 3359 ad

161 3402 251 3488 quod
272 3402 461 3484 legendum
482 3397 612 3466 nullius
641 3398 691 3466 rei
718 3398 888 3466 intererat
918 3419 940 3464 a
978 3398 1090 3485 primo
1123 3419 1231 3467 versu

159 3508 316 3595 incipere
329 3509 384 3574 vel
404 3509 448 3573 ab
465 3505 602 3574 ultimo:
622 3510 858 3590 namutroque
875 3508 976 3573 modo
987 3505 1093 3586 idern,
1107 3505 1228 3587 etiam,

199 3707 234 3777 (ll
254 3705 383 3774 Phaedra,
401 3704 453 3758 264
468 3704 498 3759 (i.

199 3787 237 3858 (2)
253 3787 295 3842 Cf.
318 3784 517 3854 Phaedmol
536 3786 579 3840 B:
598 3784 716 3840 «Ἔστιν
739 3785 767 3856 ys'
790 3804 827 3837 τοι
852 3783 891 3850 δὴ,
914 3774 935 3836 ὦ
962 3784 1102 3856 Σώκρατες,
1129 3784 1231 3852 τελευτὴ

163 3869 218 3940 περὶ
233 3860 260 3920 οὗ
275 3865 321 3920 τὸν
337 3865 413 3938 λόγον
429 3875 542 3919 ποιεῖται.
563 3887 573 3916 »

121 3939 123 3944 ’
164 3988 168 3996 .
200 3950 237 4020 (3)
255 3948 385 4017 Preion,
402 3946 454 4000 264
469 3948 500 4001 B.
