2782 4734
614 587 791 655 „67-

166 749 202 816 id
222 751 313 834 quod
333 748 410 828 scit,
432 747 513 833 quia
529 747 602 834 jam
620 747 698 825 scit,
719 752 780 813 aut
800 746 834 813 id
854 747 943 831 quod
968 766 1035 813 non
1052 747 1131 823 scit,
1150 748 1234 832 qma

163 876 207 924 ne
238 854 305 923 scit
324 854 464 940 quidem
484 853 567 939 quid
582 853 628 921 sit
647 855 887 938 quaerendum.
924 856 1036 938 Atque
1060 853 1179 935 eliam,
1202 855 1233 922 si

162 964 251 1031 forte
262 961 458 1030 invenisses
472 961 506 1028 id
522 962 613 1046 quod
627 964 732 1027 antea
741 960 944 1044 ignorabas,
964 980 1030 1026 non
1043 962 1232 1029 adfirmare

162 1086 282 1153 posses
303 1072 336 1133 te
355 1065 389 1132 id
406 1065 520 1152 ipsum
536 1065 715 1133 invenisse
730 1067 820 1150 quod
836 1067 1032 1149 quaerebas,
1052 1085 1131 1132 cum
1152 1066 1229 1151 ejus

162 1173 212 1240 rei
227 1193 270 1240 ne
285 1172 468 1240 minimam
487 1172 627 1258 quidem
654 1171 750 1258 prius
786 1173 932 1239 haberes
964 1171 1152 1238 notionem.
1187 1212 1232 1220 -

161 1283 251 1348 Sane
266 1279 347 1347 talis
361 1277 621 1369 argumentatio
641 1297 710 1345 non
732 1277 818 1344 nihil
838 1283 903 1345 est.
920 1277 1175 1345 Scientiaenim
1187 1299 1229 1346 ex

160 1388 322 1454 absoluta
335 1386 537 1470 ignorantia
558 1385 654 1452 nasci
673 1404 740 1451 non
761 1389 890 1471 potest:
909 1390 943 1451 at
968 1404 1049 1452 cum
1071 1385 1229 1453 nomines

161 1499 301 1574 natura,
317 1498 354 1560 ut
368 1492 535 1586 sophistae
549 1492 750 1578 opinantur,
763 1491 968 1572 ignorantes
982 1492 1065 1570 sint,
1082 1491 1229 1559 scientia

161 1600 228 1668 erit
244 1619 434 1685 nunquam.
458 1601 522 1667 Sed
552 1601 651 1665 Plato
671 1598 913 1665 dillicultatem
929 1599 1044 1665 aufert
1065 1601 1230 1682 tingendo

161 1708 195 1773 id
212 1709 301 1792 quod
322 1711 468 1774 vocatur
491 1709 583 1772 scire
606 1724 684 1772 esse
711 1710 847 1771 tantum
876 1692 1077 1772 meminisse
1112 1725 1229 1773 rerum

160 1814 244 1880 olim
264 1812 499 1896 cognitarum,
520 1812 600 1879 dein
617 1811 818 1891 oblitarum,
848 1814 882 1878 et
912 1811 1089 1879 nominem
1119 1812 1227 1892 intuS,

159 1920 271 1988 inscio
300 1919 496 2005 saepissime
524 1919 611 2005 ipso,
653 1919 780 1984 habere
817 1920 1003 1985 obscuram
1038 1921 1228 2003 quamdam

159 2027 336 2094 universae
356 2025 514 2094 veritatis
529 2025 717 2105 notionem,
744 2044 822 2108 quae
847 2043 915 2090 non
953 2030 1032 2111 post
1067 2025 1225 2091 notiones

160 2133 322 2218 singulas
340 2135 391 2214 lit,
414 2135 475 2200 sed
494 2135 537 2200 ol)
557 2152 662 2217 quam
683 2133 771 2198 fiunt
787 2132 945 2198 notiones
962 2131 1128 2214 singulae,
1150 2151 1229 2216 quaa

161 2247 296 2309 nonest
317 2242 464 2321 fructuS,
481 2244 518 2307 at
534 2259 667 2319 semen,
682 2258 749 2306 non
760 2237 840 2304 linis
856 2242 889 2305 et
902 2240 1059 2319 ell'ectuS,
1071 2243 1107 2305 at
1120 2258 1230 2305 cerusa

158 2353 194 2415 et
213 2345 436 2434 principium.

205 2458 256 2520 lta
272 2455 371 2520 Plato
404 2473 465 2539 per
502 2453 801 2520 reminiscentiam
834 2450 1017 2518 scientiam
1056 2454 1229 2518 monstrat

158 2580 238 2628 esse
253 2559 467 2647 possibilem,
489 2558 697 2644 legitimam,
711 2558 962 2626 necessariam.
990 2561 1085 2625 Vera
1109 2564 1227 2625 autem

159 2667 345 2747 rhetorica,
367 2666 402 2733 id
421 2667 687 2747 esldialectica,
710 2665 796 2732 nihil
824 2673 889 2745 est,
920 2685 961 2731 eo
990 2663 1122 2750 Judice,
1160 2664 1228 2730 nisi

158 2794 217 2840 ars
246 2773 385 2841 dicendi
417 2777 451 2841 et
481 2772 715 2859 persuadendi
755 2771 893 2839 veritati
924 2773 1225 2850 commendanda,

158 2881 408 2967 propagandae,
429 2879 464 2946 in
482 2880 619 2946 animos
633 2881 792 2947 serendae
812 2878 1021 2946 inserviens
1037 2881 1130 2945 Tolle
1143 2878 1228 2944 reri-

157 2992 279 3068 tatem,
296 2992 330 3054 et
344 2987 565 3056 dialecticam
582 2989 695 3054 tolles.
717 2986 750 3054 Si
779 2991 902 3053 contra
933 2985 1061 3052 veritas
1095 2990 1161 3064 est,
1194 2990 1228 3051 ot

158 3094 306 3162 scientia
326 3094 401 3181 ipso
426 3096 517 3161 facto
536 3098 602 3174 est,
617 3099 651 3162 et
669 3093 867 3160 dialectica.

203 3204 278 3267 Non
294 3201 410 3268 minus
431 3220 535 3285 quarn
564 3199 850 3280 reminiscentiae,
872 3199 1002 3265 amoris
1036 3199 1227 3284 descriptio

157 3308 333 3394 proposito
349 3307 505 3376 Platonis
521 3309 744 3393 explanando
758 3306 854 3373 utilis
874 3311 938 3372 est.
963 3305 1017 3372 Nil
1056 3305 1128 3372 scio
1158 3305 1226 3371 nisi

157 3434 303 3501 parvam
328 3415 459 3482 amoris
485 3414 684 3495 sotentiam,
717 3413 833 3480 aiebat
863 3417 1034 3480 Socrates.
1076 3412 1227 3479 Scientia

157 3526 276 3590 autem
301 3522 374 3604 illa,
397 3522 479 3589 licet
505 3541 625 3608 parva,
643 3519 823 3606 judicibus
843 3523 983 3588 Socrate
1009 3525 1044 3587 et
1068 3522 1226 3599 Platone,

156 3648 296 3696 omnem
313 3628 498 3697 scientiam
514 3627 767 3713 complectitur.
800 3631 907 3693 Amor
939 3627 1021 3712 quid
1051 3632 1104 3693 est
1132 3626 1227 3692 enim

156 3735 253 3804 aliud
268 3756 372 3822 quam
385 3735 593 3803 dialectica?
607 3739 726 3816 Amor,
742 3734 977 3819 intelligentia
994 3753 1060 3801 non
1082 3732 1227 3818 adjutus

158 3847 193 3909 et
206 3845 345 3925 ductus
359 3843 394 3909 in
414 3843 540 3911 itinere
556 3845 624 3909 huc
638 3842 724 3909 illue
743 3847 847 3909 errat.
867 3843 963 3918 Quod
979 3840 1008 3907 si
1032 3859 1099 3906 non
1118 3843 1226 3920 errat,

159 3969 228 4017 non
251 3951 332 4017 inde
352 3951 550 4017 laudandus
563 3960 639 4037 est3
662 3969 743 4016 nam
764 3968 887 4035 parum
908 3947 1015 4014 distat
1030 3949 1074 4014 alr
1090 3946 1230 4013 nomine
