2782 4734
299 1443 343 1492 DE
367 1441 611 1492 SOPHISTARUM
631 1441 844 1495 Rflh’romoh,
870 1440 995 1495 QUALIS
1022 1440 1074 1488 SIT

539 1548 575 1596 IN
597 1555 611 1589 <(
634 1548 800 1596 PHAEDRO
819 1555 832 1588 ))

203 1896 389 1981 Edialogo
422 1898 573 1963 Phaedro
591 1896 677 1963 satis
706 1899 851 1983 apparet
868 1896 950 1981 quid
981 1895 1222 1983 sophistarum

159 2004 334 2073 rhetorica
372 2004 429 2085 sit,
470 2006 567 2087 dum,
600 2005 630 2072 si
668 2004 746 2089 quis
787 2005 989 2074 eorumdem
1025 2003 1155 2089 placita
1181 2004 1225 2070 de

158 2111 367 2196 eloquentiae
386 2116 513 2180 natura
531 2133 572 2181 ac
588 2114 717 2183 finibus
737 2112 877 2200 penitus
902 2110 1101 2195 intelligere
1126 2110 1223 2192 velit,

87 2224 93 2235 ‘
158 2219 189 2311 is
209 2222 243 2286 et
261 2221 541 2304 metaphysr'com
560 2224 662 2289 modo
682 2220 879 2308 expositam
905 2217 1117 2299 meminerit,
1143 2239 1224 2303 quae

159 2331 212 2395 est
230 2324 331 2411 quasi
347 2329 550 2395 necessaria
569 2329 761 2414 indagatio,
778 2327 912 2414 primus
932 2325 1047 2394 aditus
1068 2327 1112 2392 ad
1132 2327 1225 2393 hanc

158 2433 400 2518 quaestionem.

203 2540 356 2618 Quaestio
377 2560 457 2608 vero
477 2543 565 2610 duas
585 2546 703 2630 partes
722 2542 865 2629 patitur.
893 2539 1043 2621 Etenim,
1069 2539 1222 2637 primum

158 2650 317 2715 Socrates
340 2647 454 2732 Lysiae
483 2648 754 2731 oratiunculam,
781 2668 886 2734 quam
909 2648 1079 2714 Phaedrus
1106 2647 1224 2715 attulit

158 2751 198 2820 et
211 2753 298 2836 legit
309 2756 343 2820 et
358 2754 516 2822 laudavit
529 2759 568 2823 ut
578 2755 875 2842 perfectissimum
883 2773 969 2840 opus
981 2760 1016 2821 et
1027 2771 1135 2841 prope
1147 2741 1222 2821 uni-

159 2880 238 2928 cum
250 2863 442 2947 exemplar,
465 2862 669 2930 examinare
684 2866 816 2930 attente
831 2865 864 2929 ot
889 2849 1092 2929 'minutatim
1107 2880 1233 2948 recen·¹
1267 2925 1270 2933 .

160 2987 237 3035 sere
254 2970 354 3049 velle,
375 2967 457 3036 dein
473 2968 645 3052 omittere,
664 2969 802 3037 videtur
825 2995 837 3029 «
861 2971 960 3035 Hanc
982 2987 1075 3048 vero,
1099 2967 1224 3052 inquit,

162 3100 175 3134 «
195 3094 238 3142 ne
250 3075 430 3156 irascaris
446 3076 645 3161 linquemus
661 3067 721 3163 (l).
742 3103 755 3138 »
777 3079 823 3144 nt
837 3076 1008 3142 Phaedrus
1024 3074 1112 3161 ipse,
1126 3076 1226 3141 Phae-

158 3182 243 3249 drus
277 3207 291 3242 «
329 3183 388 3267 qui
425 3182 587 3250 intimam
617 3184 720 3252 Tisias
750 3182 945 3250 doctrinam
982 3185 1225 3268 perscrutatus

162 3314 175 3348 «
201 3293 267 3370 esi,
293 3292 501 3358 »Socratem
525 3292 650 3359 docere
674 3295 838 3379 properat
860 3288 1065 3376 asophistis
1088 3288 1227 3357 institu-

159 3401 231 3462 tam
251 3397 486 3483 persuadendi
513 3398 684 3466 rationem
717 3398 929 3483 inventaque
961 3401 1151 3484 praecepta.
1175 3401 1227 3465 Ita

159 3505 198 3567 ut
234 3503 394 3569 Socrates
426 3506 483 3570 eat
515 3503 668 3571 naturali
708 3507 804 3571 motu
832 3505 876 3570 ab
914 3501 1071 3570 oratione
1112 3501 1226 3586 Lysiae

158 3609 203 3674 ad
223 3627 365 3675 normas
384 3611 632 3696 expendendas
642 3612 837 3679 secundum
848 3630 935 3695 quas
956 3629 1034 3676 eam
1056 3610 1226 3676 Phaedrus

158 3715 207 3783 ait
222 3716 451 3802 compositam
465 3736 555 3786 esse.
574 3721 619 3786 Ut
633 3719 793 3785 eamdem
809 3717 917 3799 viam,
933 3719 1093 3785 eamdem
1108 3735 1227 3808 rerum

196 3978 231 4045 (it
245 3977 372 4044 Phaedr„
389 3974 451 4045 264,
468 3975 499 4028 E.
