2782 4734
1078 480 1084 515 t

602 531 779 596 ..55-

203 691 501 766 Quemadmodum
529 689 580 756 illi
604 691 663 774 qui
684 690 798 777 ipsum
831 691 1101 776 reprehendunt,
1123 692 1243 756 Plato·

158 816 245 865 sane
260 796 495 881 novitquibus
511 797 588 881 quis
608 797 742 863 artibus
762 798 928 882 populum
944 800 1059 882 captet
1078 801 1112 863 et
1139 797 1223 862 irre·

157 905 234 987 hat,
258 907 292 970 et
319 908 352 970 te
373 902 403 970 ei
434 903 584 969 blandiri
604 908 774 988 oportere,
788 909 834 970 ut
855 905 1081 989 persuadeas.
1104 906 1222 988 Neque
1307 985 1308 988 Ἴ

159 1009 300 1096 ignorat
332 1009 554 1077 mendacium
586 1012 701 1077 colore
741 1011 896 1077 fucatum
939 1009 1086 1076 veritate
1129 1012 1223 1077 nuda

159 1120 264 1200 longe
284 1116 445 1202 superius
471 1121 504 1183 et
524 1116 660 1200 gratius
686 1119 890 1203 plerumque
919 1136 997 1183 esse
1016 1116 1074 1193 (l).
1105 1120 1224 1201 Itaque

159 1223 312 1291 civitatis
328 1243 441 1310 genus
458 1223 557 1304 illud,
576 1226 665 1309 quod
691 1227 817 1290 vocant
843 1227 1112 1304 democratiam,
1143 1243 1223 1290 con-
1311 1289 1312 1292 ,

160 1327 285 1394 temnit
303 1332 337 1395 et
358 1327 502 1414 respuit,
524 1328 606 1413 quia
625 1330 799 1395 delatores
820 1334 854 1394 et
881 1328 1069 1414 plebicolas
1092 1327 1225 1414 respuit

160 1455 203 1502 ac
222 1434 424 1502 contemnit.
451 1438 635 1520 Nunquam
662 1434 838 1521 sapientes
866 1434 1061 1501 hortabitur
1087 1439 1126 1502 ut
1151 1454 1224 1500 am·

162 1539 361 1622 titionibus,
383 1540 645 1627 cupiditatibus
675 1540 778 1621 odiis,
801 1561 904 1625 quam
924 1541 1088 1627 opinatur
1112 1545 1225 1607 dento-

160 1649 284 1712 crarta
315 1666 394 1713 esse
431 1647 660 1730 farraginem,
688 1667 725 1714 se
749 1647 946 1714 immisceat
975 1649 1029 1714 vel
1060 1651 1222 1733 opponat.

161 1755 288 1820 Contra
316 1772 395 1820 eum
420 1753 579 1820 incitabit
607 1759 645 1821 ut
673 1753 830 1840 privatus
862 1755 969 1835 vivat,
1001 1753 1224 1821 solitudinem

161 1865 296 1944 quaerat
316 1864 351 1925 et
370 1861 473 1940 colat,
495 1860 553 1927 ubi
573 1860 848 1946 philosophando
860 1870 899 1937 et
921 1861 997 1947 ipse
1022 1860 1149 1927 melior
1165 1863 1227 1926 fiat

161 1970 196 2032 et
214 1965 322 2032 alium
339 1965 405 2032 sibi
426 1965 577 2033 similem
599 1967 777 2034 meliorem
794 1967 925 2034 efficiat
944 1969 1003 2048 (2).
1024 1971 1111 2034 Eum
1131 1965 1226 2033 deni-

161 2093 228 2156 que
244 2072 392 2152 vocabit,
415 2092 482 2139 non
503 2080 689 2153 oratorem,
711 2080 747 2141 at
765 2074 1006 2161 dialecticum3
1029 2094 1108 2141 eum
1128 2076 1227 2141 doce-

163 2179 211 2246 bit
235 2178 467 2272 dialecticam,
501 2181 575 2246 sive
612 2186 724 2247 artem
758 2181 1014 2266 philosophicos
1045 2200 1226 2248 sermones

161 2285 325 2366 habendi,
337 2305 404 2352 non
418 2287 639 2367 rhetoricam,
650 2287 724 2354 sive
735 2293 846 2354 artem
859 2307 976 2354 coram
991 2287 1226 2366 multitudine,

162 2395 207 2459 ad
243 2391 502 2459 multitudinem
531 2395 810 2478 persuadendam
846 2393 985 2460 dicendi
1023 2398 1057 2460 et
1085 2391 1226 2476 agendi.

163 2499 253 2566 Vide
272 2504 401 2583 quanto
428 2503 629 2587 contemptu
663 2500 829 2585 sophistae
860 2500 1082 2586 disciplinam
1110 2502 1230 2566 Socra-

163 2605 269 2674 ticam
300 2610 334 2672 et
366 2606 581 2697 Platonicam
609 2607 803 2674 derideant,
842 2634 855 2667 l
890 2609 954 2674 Sed
974 2611 1011 2674 tu
1037 2606 1231 2691 quidem,o

168 2740 182 2773 t
210 2715 382 2793 Socrates
411 2714 588 2780 exclamat
623 2713 782 2799 Hippias
819 2714 901 2798 quid
932 2718 1034 2800 putas
1064 2714 1125 2780 illa
1154 2732 1232 2780 esse

168 2845 180 2878 l
209 2818 350 2885 omnia?
367 2821 495 2904 Nempe
517 2818 755 2886 vellicationes
786 2826 929 2887 suntet
957 2819 1128 2904 relliquiae
1157 2839 1233 2886 ora·

168 2951 180 2984 «
205 2926 339 2992 tionum
364 2925 594 3007 circumcisae,
621 2938 658 2992 ut
678 2946 789 3013 nuper
808 2927 895 3008 dixi,
912 2933 1015 3011 atque
1031 2926 1232 2993 minutatim

170 3032 342 3098 «divisae.
362 3034 450 3099 lllud
476 3052 557 3099 vero
591 3036 751 3119 pulcrum
776 3039 810 3100 et
830 3033 1087 3100 nobilissimum
1108 3038 1173 3112 est,
1200 3037 1234 3099 te

169 3165 181 3198 «
211 3157 313 3224 posse
334 3141 421 3206 bene
436 3144 471 3205 et
490 3141 610 3225 pulcre
626 3159 726 3206 orare
742 3140 776 3206 in
790 3140 925 3226 judicio
944 3144 1005 3207 aut
1027 3143 1152 3207 senatu
1174 3143 1233 3206 aut

205 3431 238 3500 (il
256 3432 451 3501 Cf.DeRep.,
467 3433 514 3500 Vl,
536 3433 588 3487 493
614 3435 648 3488 Α.
669 3435 700 3501 B,
727 3435 771 3488 C:
798 3455 808 3482 «
830 3425 891 3486 (lidi
920 3453 965 3505 περ
992 3432 1020 3485 ἂν
1051 3431 1070 3485 εἷ
1096 3434 1235 3505 θρέμματος

171 3531 181 3559 u
206 3510 315 3582 μεγάλου
329 3511 369 3564 καὶ
385 3509 521 3585 ἰσχυροῦ...
548 3534 557 3562 o
1019 3565 1033 3584 ‚

206 3591 242 3659 (21
259 3590 299 3644 uf.
317 3591 347 3644 E.
368 3593 479 3660 illvm,
504 3595 530 3645 lc
552 3594 690 3648 Discours
710 3594 867 3646 d’lsocrute
886 3612 938 3647 sur
958 3595 1121 3660 lul-meme,
1139 3593 1233 3659 Puris,

169 3671 378 3739 MDCCCLXI;
402 3672 516 3726 Introd.
548 3676 653 3728 Auctor
684 3674 941 3744 eloquentissimus
962 3674 1031 3728 civis
1051 3673 1236 3744 probissimus

170 3751 316 3805 Socraticis
332 3753 441 3806 crimini
459 3771 514 3807 non
529 3755 635 3809 dubitat
652 3761 758 3808 vertere
774 3756 848 3824 quod
871 3754 979 3823 negotia
995 3753 1104 3824 publica
1127 3754 1235 3822 abjece-

170 3831 268 3898 ‹eerint‚
286 3840 373 3885 semet
400 3833 468 3903 ipsis
493 3836 623 3903 cernenti,
641 3842 666 3888 ct
695 3835 892 3902 itacitilatcm,
915 3836 1037 3888 Athenas
1066 3834 1237 3904 pessimisel
1334 3861 1336 3864 >

170 3911 341 3982 turpissimis
357 3914 544 3969 nebulonibus
560 3915 746 3987 permiserint.
