2782 4734
580 587 756 651 ...39-

142 747 246 813 tidem
260 745 379 812 facies.
403 748 448 812 nt
466 765 533 830 quo
553 751 653 832 pacto
671 754 707 812 tu
724 743 856 811 videbis
879 750 913 811 et
932 742 1093 810 censebis
1115 745 1207 810 bano

139 858 202 920 aut
220 852 318 918 illam
335 871 408 918 rem
425 851 564 919 veritati
584 851 735 918 similem
757 853 810 918 vel
831 849 1039 917 dissimilem
1055 869 1147 930 esse,
1176 849 1206 916 si
1260 846 1264 855 “

139 965 173 1026 et
193 964 356 1026 naturam
382 959 432 1027 rei
458 958 569 1045 ipsius
594 964 628 1026 et
654 959 837 1025 veritatem
864 956 1059 1041 ignorabis,
1088 960 1204 1042 atque,

139 1086 209 1134 uno
225 1069 341 1146 verbo,
360 1067 452 1132 unde
472 1068 539 1133 duo
563 1065 625 1131 illa
647 1068 820 1133 elementa
841 1063 934 1131 inter
956 1083 994 1130 se
1023 1082 1205 1150 compares

140 1192 209 1239 non
230 1171 401 1239 babebis?
420 1175 489 1239 Aut
508 1171 615 1252 enim,
647 1176 684 1239 ut
707 1174 806 1240 decet
836 1170 994 1238 veritatis
1022 1169 1202 1253 ignarum,

138 1279 336 1365 opinionem
357 1283 494 1346 tantum
515 1278 675 1359 sectaris
693 1284 727 1345 et
741 1279 880 1346 dicendi
896 1283 1007 1345 artem
1028 1275 1203 1362 profiteris

137 1385 430 1453 absurdissimam
456 1390 490 1452 et
517 1385 670 1452 maxime
699 1385 895 1466 ridendam,
916 1383 1101 1468 indignam
1125 1403 1203 1468 quae

137 1513 196 1559 ars
210 1497 468 1580 vocetur3aut,
508 1492 587 1560 licet
627 1493 809 1559 veritatem
844 1491 1022 1575 cognitam
1058 1492 1200 1571 babeas,

138 1599 320 1666 veritatem
368 1599 535 1683 negligis,
588 1599 702 1686 potins
749 1598 958 1679 contemnis,
1004 1596 1201 1683 opinionem

137 1705 410 1792 triumphantem
432 1705 532 1786 facis,
548 1725 661 1772 mores
674 1693 845 1792 praedicas
860 1706 1031 1792 pessimos
1044 1703 1200 1770 omnium

136 1818 170 1879 et
187 1811 446 1879 t'unestissimos

181 1923 274 2003 Ergo
297 1939 378 1986 vera
395 1919 580 2000 rhetorica,
604 1919 669 1986 nisi
698 1920 880 1987 escientia
899 1923 933 1986 et
954 1920 998 1985 ad
1015 1916 1199 1985 scientiam
1256 1933 1259 1937 ’

134 2034 223 2108 orta,
251 2045 319 2092 non
347 2031 411 2093 est.
441 2029 596 2102 Quarum
624 2048 706 2094 vero
729 2047 847 2095 rerum
878 2025 1025 2093 scientia
1049 2023 1201 2091 dicitur?

135 2136 294 2200 Socrates
310 2132 449 2217 quidem
475 2132 512 2198 in
541 2153 699 2219 praesens
732 2133 817 2200 dicit
847 2137 985 2201 tantum
1015 2129 1199 2198 seientiam

136 2266 149 2300 «
174 2259 292 2306 rernm
329 2239 512 2323 dequibus
532 2240 744 2326 disputatur,
786 2244 822 2307 ut
859 2243 994 2307 clarum
1033 2241 1097 2304 est.
1120 2263 1133 2296 >i
1156 2275 1200 2283 -

134 2350 213 2412 Mox
229 2352 403 2413 oratorem
420 2345 556 2432 jubent
576 2346 760 2414 scientiam
777 2347 1067 2429 omniumrernm
1089 2342 1198 2429 possi-

132 2453 227 2518 dere.
253 2488 297 2498 —-
330 2451 485 2519 Oratoris
520 2458 606 2519 sane
635 2472 703 2519 non
738 2458 791 2519 est
829 2457 991 2520 naturam
1025 2449 1108 2517 ferri
1138 2454 1199 2516 aut

130 2557 272 2641 argenti
302 2557 491 2642 inquirere,
514 2559 640 2645 quippe
661 2561 702 2626 de
724 2579 793 2644 qua
810 2579 932 2626 omnes
961 2555 1195 2624 consentiant.
1305 2646 1307 2651 y

132 2665 195 2730 Sed
225 2665 268 2731 de
298 2663 451 2749 justitia,
492 2664 650 2746 veritate,
686 2685 817 2745 amore,
849 2667 969 2732 multae
1004 2668 1038 2730 et
1058 2680 1200 2744 magnae

132 2778 260 2838 coortae
281 2775 364 2839 sunt
382 2783 417 2838 et
427 2771 631 2839 oboriuntur
645 2775 738 2859 apud
755 2772 913 2839 homines
927 2767 1196 2838 controversiae:

132 2897 243 2963 nuper
281 2881 439 2945 Socrates
479 2878 630 2964 primum
662 2899 817 2946 amorem
847 2877 981 2946 arnanti
1017 2882 1052 2944 et
1082 2879 1199 2941 amato

133 2983 325 3051 maximum
346 2985 528 3065 damnum,
555 2985 635 3052 dein
656 2988 817 3053 eumdem
847 2985 972 3052 iisdem
1003 2981 1196 3050 maximum

131 3093 259 3158 bonum
288 3110 367 3158 esse
399 3093 665 3174 demonstravit,
704 3092 754 3160 ita
793 3093 895 3160 facile
924 3097 977 3160 est
1007 3087 1136 3157 dicenti
1162 3090 1197 3154 et

130 3202 264 3265 ceteros
284 3202 318 3265 et
345 3219 382 3266 se
409 3199 581 3285 decipere.
616 3203 746 3286 Nempe
780 3226 792 3260 «
826 3203 1009 3286 plerosque
1039 3199 1129 3282 fugit
1156 3217 1194 3270 se

132 3331 144 3364 l
174 3304 339 3388 ignorare
354 3305 544 3373 essentiam
562 3306 731 3392 cujusque
744 3306 804 3373 rei.
819 3306 925 3383 Quasi
941 3306 1050 3390 igitur
1066 3306 1191 3383 sciant,

132 3421 144 3472 'a
175 3431 243 3478 non
268 3411 360 3478 inter
384 3432 421 3479 se
444 3412 667 3479 consentiunt
692 3433 713 3479 a
733 3412 904 3500 principio
923 3412 1191 3498 disquisitionis,

131 3545 144 3579 l
173 3527 207 3586 et
226 3519 407 3606 progressi
426 3513 579 3586 debitam
594 3540 735 3606 poenam
752 3523 892 3587 solvunt
918 3522 962 3606 (τὸ
991 3525 1067 3599 εἰκὸς
1097 3522 1193 3588 ἀποδι-

131 3632 278 3707 «δόκσιν,
309 3627 541 3712 Stollbouml:
574 3627 804 3712 nequeenim
835 3647 927 3695 unus
963 3647 1096 3709 secum,
1131 3629 1193 3695 alii

131 3759 144 3794 l
173 3754 252 3802 cum
270 3733 349 3800 aliis
369 3735 559 3801 concordes
580 3735 704 3818 sunt(
729 3736 740 3819 'l
761 3761 788 3801 ».
1216 3747 1222 3757 ’

166 3965 204 4036 (l)
219 3964 351 4032 Phaon,
367 3966 397 4018 C.
