2782 4734
517 553 671 616 ..3.-

73 711 339 781 lllustrissinrus
373 730 454 777 vero
492 710 644 794 gallicus
676 711 832 778 Platonis
873 715 1139 792 commentator,

79 831 197 896 Victor
218 828 363 908 Cocalo,
395 828 478 894 dum
500 826 619 913 rapide
639 830 673 894 ct
692 827 763 894 fere
791 826 924 894 cursim
953 827 1139 912 dialogum

70 944 235 1031 explicat,
249 962 330 1010 cum
345 962 427 1010 vera
442 943 639 1029 praesertim
652 946 713 1010 aut
723 942 943 1024 verisimilia,
958 948 1033 1009 tum
1051 944 1142 1010 falsa

70 1066 103 1128 et
118 1060 263 1127 inventa
277 1057 425 1126 consilia
441 1058 579 1125 Platoni
600 1058 771 1139 attribuit,
787 1059 895 1126 veluti
911 1059 1141 1146 philosophus
1169 1047 1173 1051 ’

69 1178 105 1243 in
132 1178 282 1242 Pbaedro
308 1178 347 1242 ut
375 1175 610 1260 eloquentiam
634 1175 836 1255 oratoriam,
862 1175 914 1243 sic
942 1175 1076 1262 poesim
1106 1179 1141 1243 et

69 1313 139 1361 uno
160 1294 265 1359 verbo
286 1293 424 1357 litteras
441 1290 517 1376 jam
537 1290 721 1376 impugnet
740 1296 774 1357 et
793 1291 988 1377 proscribat
1007 1293 1067 1376 (l).

115 1411 246 1493 Nempe
267 1425 378 1490 neque
405 1405 462 1473 hic
492 1425 602 1490 neque
628 1404 680 1471 illi
712 1409 774 1473 aut
798 1406 874 1473 sine
897 1407 1136 1496 praejudicatis

69 1522 291 1609 opinionibus
312 1523 507 1588 Phaedram
523 1524 684 1605 legerunt
704 1526 766 1589 aut
780 1527 873 1589 recte
888 1522 1089 1590 dividerunt
1102 1523 1139 1588 in

71 1643 187 1724 partes
202 1637 379 1724 simplices
396 1642 430 1704 et
443 1639 634 1704 naturales
646 1637 771 1704 Melius
783 1642 908 1705 etcum
920 1639 1052 1724 majore
1065 1642 1144 1706 doc-

73 1754 178 1821 trinae
208 1739 399 1820 Platonicae
415 1752 610 1820 reverentia
627 1754 826 1839 clariusque
849 1754 922 1838 egit
940 1757 987 1820 H.
1001 1758 1141 1835 Boutta,

73 1870 189 1954 quide
204 1871 344 1953 dialogo
363 1869 410 1937 ita
432 1870 504 1937 fere
524 1871 720 1938 concludit:
746 1896 758 1930 «
782 1874 860 1937 Jam
882 1871 1059 1956 analytica
1081 1871 1143 1937 illa

76 2012 88 2046 (ι
118 1984 232 2072 operis
257 1985 485 2072 descriptio...
509 1984 595 2052 satis
620 1987 839 2052 demonstrat
858 1985 972 2072 potius
996 1987 1142 2053 rhetori-

76 2127 88 2161 «
118 2121 196 2168 cam
212 2106 257 2183 et,
272 2101 396 2169 latiore
412 2121 531 2183 sensu,
550 2107 663 2169 artem
683 2101 719 2167 in
736 2101 941 2169 universum
960 2103 1145 2186 cogitatio-

77 2243 90 2277 «
119 2237 181 2285 nes
209 2216 492 2288 communicandi
521 2217 557 2283 in
590 2217 731 2301 dialogo
762 2217 864 2285 unice
895 2218 1081 2285 tractari...
1111 2220 1145 2287 Si

77 2360 90 2392 (ι
119 2335 227 2415 voles,
248 2336 339 2419 quod
365 2335 538 2400 Pboedrus
566 2335 670 2401 babet
700 2333 879 2420 proprium
899 2339 934 2401 et
951 2333 1139 2420 peculiare,

77 2476 90 2510 «
118 2450 154 2517 id
192 2470 261 2517 non
293 2450 561 2536 praetermittere
598 2453 654 2516 vel
687 2452 839 2530 abolere,
873 2450 979 2517 etiam
1011 2450 1144 2519 invitus

78 2566 300 2649 «dialogum
345 2570 455 2633 totum
490 2568 534 2632 ad
578 2565 788 2633 rhetoricam
833 2568 1005 2633 reseres..
1034 2568 1094 2651 (2).
1128 2594 1141 2626 b

81 2841 90 2869 o
113 2821 156 2874 als
170 2819 213 2872 dic
229 2819 408 2872 Gruundidce
424 2819 472 2872 des
488 2820 599 2888 Dialogs
626 2820 680 2873 deu
708 2820 860 2887 Gegansatz
888 2821 937 2873 des
960 2821 1064 2874 freicrn
1086 2822 1143 2874 und

81 2918 93 2951 «
114 2900 371 2954 hoeherenLehens
391 2899 568 2953 derSeele...
594 2900 652 2953 und
671 2900 721 2953 der
751 2901 913 2953 ideenlosen
931 2901 1067 2954 Treihens
1095 2903 1145 2955 des

82 3001 91 3030 l
113 2980 175 3033 rein
190 2979 368 3050 praktischen
381 2980 584 3033 Verstandes...
608 3002 618 3029 »

77 3072 80 3078 '
116 3061 152 3130 (l)
168 3061 202 3114 V.
218 3062 337 3128 COUSIN,
355 3061 477 3114 OErtbrcs
497 3061 531 3113 dc
556 3062 664 3114 Pluton
695 3061 869 3114 trodui'es...
903 3062 987 3114 'l'omc
1014 3061 1144 3129 cimicum,
1246 3088 1248 3091 ·

80 3142 176 3208 Paria,
195 3141 285 3195 1849.
309 3173 329 3179 —
350 3142 408 3210 Pag
433 3141 562 3194 354-355:
584 3161 594 3190 l
608 3141 676 3196 Mais
692 3158 800 3194 comme
821 3142 846 3194 le
862 3142 934 3209 sujet
948 3143 1146 3210 delinitit'n’est

83 3241 94 3269 l(
116 3237 166 3290 pas
180 3221 309 3288 lbmour,
331 3221 400 3274 mais
416 3221 480 3275 hieu
495 3222 521 3275 la
536 3222 716 3275 substitution
732 3221 766 3274 de
787 3222 888 3274 l'e'tude
908 3222 942 3274 de
967 3223 992 3275 la
1021 3223 1146 3292 philoso-

84 3320 94 3348 11
116 3300 180 3370 phie
194 3301 210 3353 ai
225 3301 293 3354 celle
308 3300 342 3353 de
358 3301 383 3354 la
398 3301 558 3371 rhetoriquc
573 3307 600 3355 et
615 3319 651 3355 cra
666 3303 788 3368 {reborat
814 3301 849 3353 de
874 3303 904 3353 lo
921 3302 1118 3356 litteratura...
1134 3325 1145 3354 »

80 3381 146 3449 Pag.
165 3381 234 3435 475:
254 3382 343 3448 «Mais
357 3381 421 3451 qu’y
436 3382 510 3435 a-t-il
523 3382 592 3436 dans
607 3383 633 3436 le
646 3383 762 3435 Pbadrc
775 3382 822 3451 qui
834 3399 870 3435 ne
885 3400 914 3436 se
928 3389 1058 3436 retrouve
1071 3385 1149 3453 point

84 3480 94 3509 l
116 3461 230 3515 ailleurs
244 3461 380 3515 d’aucune
396 3462 537 3516 inaniore?
551 3462 625 3516 G’cst
638 3468 698 3515 tout
710 3479 741 3514 ce
756 3462 809 3531 qui
820 3463 935 3531 regarde
956 3464 982 3517 la
997 3464 1148 3534 technique

85 3562 95 3589 l
113 3541 186 3595 dela
201 3541 372 3611 rhetorique,
387 3542 562 3611 l'exposition
577 3543 626 3596 des
641 3542 791 3596 directions
807 3543 856 3596 des
870 3543 1029 3597 differentes
1054 3545 1147 3599 eccles

86 3642 95 3669 l
119 3638 154 3674 en
177 3639 208 3674 ce
222 3638 316 3690 genre,
334 3628 360 3675 et
374 3623 400 3676 la
414 3622 531 3692 critique
550 3623 676 3676 de'taillde
696 3623 730 3676 de
754 3639 800 3675 ces
820 3623 980 3677 directions.
1011 3625 1090 3678 Voild
1118 3642 1149 3678 ce

84 3707 97 3752 <t
118 3702 214 3772 quine
229 3719 259 3756 se
273 3708 403 3756 retrouve
418 3704 481 3772 plus
496 3703 619 3770 ailleurS,
633 3720 779 3772 petraeque
792 3704 858 3756 c’cst
874 3705 903 3755 ld
918 3705 944 3756 lc
957 3705 1007 3757 but
1017 3706 1151 3774 porticu·
1229 3747 1234 3755 .

86 3804 96 3829 l
121 3783 175 3835 lta·
194 3784 234 3834 dic
248 3783 373 3836 Phe'drc.
394 3805 403 3831 b

121 3863 156 3929 (2)
178 3864 244 3931 Pag.
261 3863 399 3916 277-278:
421 3884 430 3910 l
445 3863 536 3915 Schon
553 3849 602 3927 decr
619 3864 744 3918 Hiuu'eis
760 3866 810 3919 aus
822 3866 865 3918 dic
882 3866 995 3918 sochen
1010 3866 1150 3935 gegebenc

89 3963 98 3990 l
121 3942 216 3996 Skizze
232 3943 416 4025 deslnhaltes
428 3943 516 3996 reicht
530 3943 589 4011 hin,
607 3945 668 3998 eine
679 3946 773 3999 solche
788 3946 958 4014 bullassung
967 3947 1008 3999 als
1019 3949 1151 4000 unzulus-
