2782 4734
570 603 743 669 -23-

130 780 264 847 ratione
292 779 449 847 simulet
476 779 631 846 oratione
651 783 686 847 et
714 779 850 847 actione
875 779 967 847 idem
999 799 1066 846 non
1087 799 1195 866 praes-

128 891 205 954 tant
228 887 287 973 (l).
310 885 541 972 Philosophus
572 885 704 970 cogitat
736 890 770 955 et
800 885 884 954 dicit
908 888 951 953 ad
977 889 1063 954 hene
1090 905 1197 970 agen-

128 995 232 1082 dum3
264 993 432 1080 sophista,
456 994 573 1060 rhetor
591 992 749 1080 disputat
767 996 802 1061 et
830 991 915 1061 dicit
934 997 972 1061 ut
996 992 1196 1061 hominihus

129 1103 278 1189 placeat,
296 1102 445 1166 honores
464 1103 498 1167 et
516 1099 702 1186 pecuniam
731 1100 960 1187 adipiscatur.
983 1103 1096 1178 Quare
1122 1100 1197 1187 phi-

128 1210 293 1294 losophus
313 1208 469 1274 declarat
491 1206 719 1293 sophisticam
735 1214 769 1275 et
793 1205 1003 1275 rhetoricam
1023 1227 1102 1275 esse
1125 1227 1197 1274 ma-

129 1316 199 1381 lam
229 1333 291 1400 per
322 1333 359 1380 se
388 1312 514 1399 ipsam,
546 1316 675 1380 malam
707 1332 770 1400 per
797 1313 909 1400 ipsius
947 1315 1095 1382 fructus.
1132 1313 1194 1382 Cui

129 1421 364 1506 nequidquam
398 1419 546 1503 Gorgias
581 1420 806 1504 refragatur:
846 1447 859 1482 «
888 1425 905 1488 J
910 1426 987 1489 uste
1015 1425 1132 1490 autem
1159 1425 1194 1489 et
1252 1506 1256 1513 Ι

131 1553 144 1588 a
173 1527 347 1595 rhetorica
383 1527 434 1594 uti
468 1531 661 1613 (possunt),
702 1527 793 1595 sicut
830 1527 988 1596 luctandi
1026 1532 1112 1596 arte.
1161 1528 1195 1596 Si

130 1663 141 1694 (t
173 1654 268 1715 vero,
308 1637 402 1720 puto,
438 1635 556 1702 rhetor
584 1634 698 1702 taetus
729 1634 806 1719 quis
836 1635 962 1704 deinde
995 1655 1071 1722 per
1087 1637 1196 1705 facul-

130 1768 143 1802 «
172 1745 279 1808 tatem
311 1741 410 1808 illam
444 1744 478 1807 et
506 1745 618 1809 artem
647 1741 821 1827 peccarit,
854 1763 922 1810 non
956 1741 1032 1829 ejus
1068 1743 1198 1828 magis-

130 1877 141 1908 α
173 1852 264 1916 trum
299 1848 346 1917 sit
377 1867 521 1916 necesse
554 1852 589 1916 et
619 1848 737 1916 odisse
766 1855 800 1917 et
831 1849 960 1936 ejicere
988 1869 1007 1918 e
1040 1849 1193 1918 civitate.

131 1983 143 2015 d
172 1959 302 2042 Nempe
322 1974 402 2023 cum
417 1955 474 2022 hic
488 1955 627 2042 (artem)
647 1956 691 2021 ad
707 1955 823 2041 justos
842 1976 929 2024 usus
945 1956 1192 2043 suppeditavit,

130 2088 143 2123 i
171 2065 245 2130 tum
275 2062 334 2128 ille
364 2061 541 2129 contrario
579 2063 680 2128 modo
710 2063 880 2130 exercuit.
916 2066 1010 2146 Ergo
1037 2063 1096 2148 qni
1127 2083 1195 2130 non

129 2195 142 2229 «
173 2173 265 2236 recte
285 2171 387 2254 (arte)
412 2168 522 2236 utitur
540 2187 619 2236 eum
639 2168 756 2237 odisse
772 2168 908 2256 justum
931 2174 985 2238 est
1011 2174 1045 2238 et
1064 2172 1195 2257 pellere

129 2302 142 2336 a
172 2280 205 2343 et
225 2276 436 2356 interficere,
454 2276 516 2341 sed
536 2294 755 2360 nequaquam
770 2277 981 2360 magistrum
992 2277 1051 2359 (2).
1078 2280 1194 2345 »Gor-

127 2382 223 2466 giam
240 2385 399 2450 Socrates
420 2381 469 2449 ita
489 2383 561 2449 fere
576 2382 755 2450 confutat:
778 2383 837 2468 qui
857 2402 977 2450 veram
1007 2383 1192 2451 scientiam

18 2493 19 2497 ’
126 2491 243 2569 habet,
272 2489 303 2556 is
334 2491 420 2557 bene
450 2489 593 2573 cogitat,
621 2491 708 2557 hene
740 2490 826 2574 agit.
858 2484 923 2568 oui
952 2495 1074 2558 eontra
1102 2493 1194 2559 male

126 2597 215 2681 agit,
234 2597 263 2664 is
284 2599 317 2663 et
336 2598 428 2663 male
443 2596 576 2680 cogitat
591 2602 625 2666 et
645 2616 764 2664 veram
785 2596 968 2665 scientiam
985 2617 1054 2665 non
1075 2600 1190 2667 hahet.

127 2705 296 2771 Rhetores
318 2701 441 2789 injusti
473 2708 570 2771 sunt:
596 2723 682 2788 ergo
704 2703 879 2791 jhstitiam
904 2703 1089 2793 ignorant3
1111 2725 1193 2772 nam

126 2810 185 2896 qui
224 2814 355 2878 rectam
395 2810 545 2896 justitiae
583 2813 687 2878 hahet
730 2810 907 2894 notitiam,
951 2812 981 2879 is
1015 2811 1192 2898 justitiam

127 2921 256 2984 servat.

171 3027 255 3091 Haeo
270 3029 323 3092 est
345 3023 468 3108 igitur,
489 3025 611 3110 paucis
633 3026 749 3092 verbis
767 3027 988 3103 adumbrata,
1002 3025 1098 3093 brevi
1108 3027 1193 3094 defi-

127 3129 258 3198 nitione
290 3132 554 3217 comprehensa,
585 3131 647 3199 illa
687 3132 873 3214 rhetorica,
909 3159 922 3194 a
960 3152 1019 3200 ars
1058 3131 1191 3200 scilicet

163 3336 200 3394 rii
233 3335 277 3390 cf.
313 3336 473 3403 Fomenta,
508 3336 641 3390 Plutonis
683 3337 808 3406 Hippius
842 3337 942 3390 Minor
949 3381 1026 3392 .....
1066 3337 1192 3391 Parisiis

126 3415 369 3483 MDCCCLXXH,
384 3433 444 3485 pag.
461 3416 508 3470 37:
528 3437 537 3465 a
554 3416 651 3486 Neque
667 3417 742 3470 aliud
757 3417 844 3486 magis
860 3417 966 3472 Socrati
981 3418 1093 3472 solitum
1108 3435 1192 3488 quam

128 3517 137 3544 a
160 3495 207 3549 illa
219 3494 429 3565 disciplinarum
443 3496 572 3567 bipartita
587 3497 697 3566 divisio,
715 3490 834 3567 quarum
856 3497 916 3551 aliae
939 3498 1119 3569 multiplices
1136 3515 1191 3552 am·

128 3597 138 3624 a
161 3576 260 3645 biguae,
278 3582 305 3629 et
328 3571 472 3647 ἀμφίλογοι,
488 3576 516 3629 in
539 3577 671 3630 inferiore
696 3577 835 3647 opinionis
860 3595 891 3632 ac
912 3579 1040 3646 fortunae,
1055 3585 1098 3646 τῆς
1119 3577 1191 3646 δόξης

127 3675 140 3708 d
160 3657 200 3709 καὶ
223 3663 265 3724 τῆς
289 3654 410 3728 εέτυχιάς,
429 3657 543 3727 regione
558 3664 725 3727 versantur,
748 3675 805 3712 uua
818 3675 895 3727 vere,
910 3659 945 3713 ad
965 3676 1053 3714 unum
1073 3665 1100 3713 et
1118 3659 1192 3713 idem

128 3758 138 3785 a
161 3737 315 3807 pertinens,
331 3753 442 3807 semper
461 3737 495 3792 ad
515 3755 679 3808 supremum
699 3739 1192 3808 honumconve1·sa,—dialecticen

128 3839 138 3866 a
161 3817 233 3887 dico,
246 3849 279 3856 -
293 3834 421 3872 serenam
444 3825 472 3872 et
491 3818 691 3873 immutabilem
716 3819 857 3890 sapientia
877 3828 904 3875 et
926 3820 1046 3889 virtutis,
1061 3827 1104 3888 τῆς
1120 3819 1191 3873 ἐπισ-

129 3919 140 3947 «
162 3898 241 3969 τήμης
257 3899 298 3951 καὶ
310 3903 353 3967 τῆς
368 3897 506 3970 εὐπραξίας,
524 3899 667 3968 regionem
683 3907 808 3971 occupat.
827 3923 837 3951 u

164 3977 200 4047 (2)
218 3978 317 4049 Gorg„
333 3978 385 4032 457
400 3979 431 4048 Β,
448 3979 479 4034 G.
