2782 4734
612 574 790 638 ..41-

160 752 263 818 «que
293 753 366 799 rem
398 732 596 800 deliniendo
625 732 849 799 manifestum
879 730 986 798 saciat
1017 729 1051 796 id
1078 731 1120 797 de
1155 749 1222 815 quo

161 866 173 900 (l
198 859 335 925 semper
354 839 529 907 disserere
545 839 628 907 velit
641 840 653 923 (
658 842 701 924 l).
729 865 740 899 l)
761 838 858 932 110111,
880 843 918 905 01
938 841 1025 905 bene
1039 837 1222 904 materiem

158 951 285 1014 tractet
313 951 347 1013 ct
370 946 531 1032 explicet,
561 965 640 1013 eum
670 947 769 1013 decet
802 973 814 1005 <1
847 964 970 1012 rursus
999 950 1033 1013 et
1071 944 1222 1030 speciem
1276 995 1278 998 >
1369 999 1372 1005 ,

163 1080 175 1114 a
198 1036 301 1139 posse
319 1052 512 1120 dissolvere
532 1055 725 1120 secundum
746 1056 862 1139 partes
889 1053 1081 1133 naturales,
1103 1055 1138 1118 et
1167 1072 1223 1120 ca-

162 1159 344 1228 «verene
371 1160 538 1227 dilaceret
563 1160 717 1244 aliquam
744 1166 891 1246 partem,
914 1160 997 1226 mali
1025 1160 1124 1246 coqui
1152 1160 1223 1226 ins-

90 1322 93 1327 .
162 1294 175 1327 (1
198 1272 253 1334 tar
271 1268 331 1351 (2).
359 1266 670 1334 111011101011110
701 1274 790 1347 utar,
819 1286 962 1334 necesse
987 1271 1040 1334 est
1072 1267 1222 1354 primum

159 1376 274 1442 facere
302 1394 408 1442 unum
434 1394 452 1441 e
485 1373 657 1459 pluribus,
680 1377 873 1441 secundum
903 1376 1003 1460 plura
1023 1394 1066 1441 ex
1090 1394 1171 1454 000,
1194 1374 1224 1440 01

158 1481 235 1567 quis
251 1486 286 1548 01
305 1501 480 1548 summam
494 1486 527 1548 ot
542 1481 752 1567 multiplices
766 1485 883 1568 partes
903 1481 1008 1549 unius
1024 1481 1074 1549 rei
1094 1481 1223 1568 optime
1319 1539 1322 1542 ,
1363 1488 1367 1493 ’

158 1587 356 1672 intelligere
375 1592 408 1655 et
429 1587 612 1674 complecti
624 1588 718 1655 velit.

206 1722 219 1755 d
243 1693 323 1761 Illos
343 1699 474 1775 autem,
491 1694 550 1779 qui
566 1694 671 1781 hujus
696 1696 785 1762 artis
803 1695 991 1783 participes
1021 1701 1115 1776 sunt,
1132 1699 1225 1762 10010

162 1830 174 1863 «
198 1823 244 1869 an
265 1822 333 1869 non
354 1805 513 1869 Socrates
533 1804 697 1888 appellet,
724 1805 810 1869 deus
836 1803 963 1884 videat,
985 1805 1140 1890 appellat
1161 1803 1225 1887 igi-

163 1935 175 1970 «
199 1914 381 1994 torusque
400 1911 442 1976 ad
460 1911 523 1976 hoc
538 1909 739 1977 dialecticos
754 1913 813 1995 (3).
835 1936 848 1970 1
873 1915 1003 1978 Facere
1018 1931 1099 1979 vero
1115 1931 1224 1978 unum

159 2017 351 2104 epluribus
372 2021 425 2084 001
447 2016 605 2091 definire,
633 2018 748 2084 facere
776 2021 877 2104 plura
906 2038 949 2085 ex
970 2023 1113 2087 uno'est
1138 2019 1224 2085 dlvi·

159 2125 319 2190 dorent
347 2123 513 2209 quidquid
544 2123 675 2206 agitur,
706 2124 825 2206 agitur
854 2126 896 2190 ad
922 2124 1171 2192 inveniendam
1191 2131 1225 2194 et

159 2230 423 2316 exprimendam
440 2229 693 2310 definitionem,
715 2230 773 2315 qui
794 2237 847 2298 est
866 2232 966 2316 quasi
992 2232 1136 2299 ultimus
1152 2233 1223 2299 dia-

160 2337 293 2405 lecticae
322 2337 415 2404 finis.
447 2363 459 2398 1
483 2341 569 2405 Sunt
601 2337 695 2404 enim
722 2341 801 2406 duae
833 2359 903 2419 ree,
925 2338 974 2405 ait
1005 2339 1224 2419 Aristoteles,

163 2470 177 2505 l
200 2464 287 2529 quas
306 2448 345 2512 tu
364 2447 408 2510 ad
426 2447 601 2511 Socratem
621 2445 753 2511 referas
775 2449 911 2528 merite,
934 2445 1008 2512 01νο
1024 2465 1086 2532 per
1105 2446 1226 2513 induc-

163 2578 176 2612 «
199 2551 329 2619 tionem
367 2551 543 2619 orationes
576 2556 611 2618 et
638 2552 823 2619 universas
852 2553 1088 2635 definitiones,
1106 2562 1171 2631 τούς
1197 2553 1226 2618 τ’

162 2684 175 2718 <s
199 2662 367 2736 {nzurrua‘rg
381 2665 488 2743 λὲγευς
502 2663 549 2724 air
564 2664 594 2724 τὸ
610 2666 747 2745 ὃρῖζεσθκι
763 2667 889 2726 cattle-2
906 2661 967 2745 (4),
988 2687 1001 2721 11
1034 2666 1068 2728 et
1083 2659 1225 2728 divisio·

161 2785 254 2844 nem,
274 2767 369 2832 dicat
388 2765 528 2850 aliqum,
551 2771 589 2833 01
609 2766 696 2832 nihil
716 2767 898 2835 omittatur
925 2773 959 2834 01
978 2766 1131 2835 Socratis
1157 2787 1227 2835 me·

159 2874 285 2940 thodus
318 2879 411 2940 recte
437 2873 667 2940 describatur.
701 2878 739 2940 ln
775 2894 880 2941 unam
905 2875 1019 2943 ideam
1058 2875 1228 2962 dispersae

161 2979 340 3046 notionum
357 2985 473 3065 parles
490 2979 691 3048 inductione
703 2985 890 3064 coguntur,
906 2982 1107 3050 inductione
1119 2982 1227 3048 varice

161 3085 295 3172 species
315 3087 360 3152 ad
379 3086 521 3170 generis
542 3088 712 3155 unitatem
731 3088 951 3172 rediguntur.
970 3089 1129 3156 Inductio
1144 3109 1242 3174 quo·

160 3212 226 3277 que
235 3191 443 3261 divisionem
458 3194 644 3261 antecedit.
667 3198 768 3274 Nam,
782 3200 820 3262 01
839 3198 883 3261 ab
904 3195 1068 3262 universo
1088 3197 1132 3262 ad
1158 3195 1228 3263 sin-

160 3301 246 3382 gula
265 3300 473 3380 descendas,
491 3319 606 3368 nonne
626 3307 659 3367 10
674 3320 817 3368 necesse
837 3307 991 3369 estante
1013 3302 1132 3368 omnia
1151 3301 1227 3369 uni-

161 3425 302 3472 versum
322 3406 524 3490 excogitare
540 3413 574 3474 01
590 3409 676 3474 benc
693 3411 913 3494 perspectum
930 3411 1075 3477 teneret
1098 3407 1228 3476 Divisio

161 3511 319 3579 vicissim
331 3532 444 3609 genus
459 3533 568 3580 unum
583 3514 618 3579 in
635 3514 752 3581 varias
770 3515 904 3601 species
920 3515 1110 3583 distribuit.
1128 3514 1227 3581 Deni-

197 3724 236 3792 11)
253 3725 383 3793 Phcedrn,
399 3726 451 3779 265
466 3727 499 3779 D.

128 3800 130 3802 ’
199 3804 238 3873 (2)
253 3805 382 3873 theu„
398 3805 450 3859 265
467 3807 498 3860 E.

201 3883 235 3951 13)
251 3884 380 3954 Phanou,
397 3886 449 3939 266
464 3888 485 3939 B

205 3964 239 4030 14)
255 3963 336 4033 Μο1.,
353 3966 390 4034 M,
406 3966 433 4019 ll.
