2782 4734
608 591 786 654 *26*-

157 747 422 834 dispositionem
451 767 645 829 servemus
672 748 747 834 jam
783 748 881 816 nobis
908 748 944 814 in
977 748 1129 834 Lysi-aua
1149 770 1228 829 ora-

159 855 252 923 tione
267 855 446 942 paulisper
460 857 749 924 commorandum
769 859 823 924 est
833 857 893 942 (l).

202 965 311 1029 Nemo
330 966 436 1045 neget
454 961 646 1030 orationem
666 965 758 1030 hanc
775 965 905 1031 habere
934 983 1062 1031 novum
1082 963 1167 1049 quid
1191 969 1229 1032 et

68 1102 72 1106 ·
157 1069 352 1153 singulare,
374 1087 473 1155 paene
493 1069 605 1151 nobis,
627 1073 665 1137 ut
683 1073 788 1156 paulo
814 1069 1087 1138 Atheniensibus
1122 1091 1225 1139 seve-

159 1176 268 1244 riores
287 1180 349 1244 aut
367 1174 561 1243 timidiores
582 1195 718 1257 sumus,
731 1175 910 1263 judicibus
927 1177 1223 1263 subturpiculum.

158 1281 305 1350 Athenis
327 1301 408 1349 vero
429 1285 567 1349 suetum
587 1287 664 1350 erat
692 1282 923 1368 omnibusque
938 1282 1227 1369 acceptissimum

158 1387 282 1475 lepidis
300 1388 405 1472 nugis
432 1392 467 1456 et
490 1390 677 1456 verborum
711 1390 861 1474 quodam
898 1409 941 1456 ac
970 1388 1227 1472 cogitationum

157 1498 238 1563 lusu
256 1500 395 1581 tempus
415 1499 608 1563 conterere.
629 1498 743 1572 Quare
757 1498 917 1564 Socrates
934 1495 1075 1580 Lysiam
1110 1495 1226 1582 carpit

158 1622 226 1669 non
242 1604 332 1688 quod
353 1605 483 1668 malam
503 1605 672 1688 ctparnm
691 1602 855 1689 pudicam
875 1621 1019 1670 causam
1040 1606 1136 1686 agat,
1161 1605 1225 1669 sed
1312 1603 1319 1617 '

61 1716 63 1720 ’
157 1712 248 1795 quod
264 1729 350 1790 rem,
380 1728 458 1793 quae
480 1728 659 1794 nunquam
682 1709 747 1777 fuit
779 1713 840 1777 aut
868 1708 946 1790 erit,
972 1729 1083 1794 neque
1103 1709 1227 1776 verisi-

158 1816 251 1884 milis
271 1816 411 1901 quidem
427 1820 492 1896 est,
515 1816 668 1885 finxerit.
694 1816 873 1903 «Scripsit
895 1816 988 1884 enim
1011 1815 1134 1900 Lysias
1154 1820 1227 1883 ten-

160 1951 173 1984 «
201 1927 314 1992 tatum
334 1943 413 1992 asse
428 1925 589 2011 pulcrum
598 1925 798 2009 quemdam,
814 1925 875 1991 sed
891 1942 960 1991 non
976 1926 1020 1990 ab
1037 1928 1223 1990 amante...

160 2056 173 2091 «
201 2035 333 2118 Nempe
344 2033 408 2098 has
427 2031 523 2117 ipsas
543 2031 689 2099 delicias
709 2029 863 2098 addidit:
882 2030 966 2098 dicit
978 2029 1071 2098 enim
1090 2029 1227 2114 gratill-

160 2166 176 2199 «
202 2141 354 2207 candum
374 2137 503 2206 essaei
528 2137 676 2224 quinon
700 2142 796 2204 amat
819 2137 934 2224 potius
960 2156 1065 2222 qnam
1090 2137 1226 2204 amanti

159 2272 175 2308 «
201 2246 262 2332 (2).
283 2271 300 2308 »
318 2246 408 2312 lllud
430 2265 512 2312 vero
536 2244 669 2313 Socrati
691 2245 766 2332 jam
796 2244 882 2311 satis
909 2248 1020 2312 estut
1044 2264 1112 2311 non
1148 2244 1227 2311 sine

157 2352 320 2422 irrisione
333 2355 525 2421 exclamet:
541 2377 559 2414 «
575 2350 847 2436 Ogenerosum'!
864 2350 1007 2419 Utinam
1019 2351 1224 2437 scripsisset

159 2486 176 2522 «
201 2460 476 2546 gratificandum
495 2479 574 2528 esse
588 2459 734 2547 pauperi
750 2459 864 2547 potius
893 2481 998 2545 quam
1036 2459 1159 2540 diviti,
1193 2463 1228 2526 et

193 2685 228 2753 tl)
246 2684 346 2738 Utrum
361 2683 448 2737 oratio
464 2699 496 2737 aa
507 2681 631 2737 Platonis
647 2683 731 2737 sitan
746 2683 844 2752 Lysiae,
863 2683 955 2737 adhuc
969 2680 1119 2736 dubitatur.
1138 2681 1177 2734 Ea
1193 2681 1227 2734 de

157 2781 198 2834 re,
215 2781 277 2836 quae
292 2763 406 2834 quidem
419 2763 465 2817 hic
480 2763 558 2834 parvi
573 2769 616 2817 est
629 2764 772 2832 momenti,
789 2763 851 2816 vide
868 2763 1046 2830 standarum,
1060 2779 1104 2831 op.
1119 2763 1150 2828 t,
1162 2779 1225 2831 pag.

52 2872 55 2877 ·
157 2847 218 2900 LIX
234 2850 261 2898 et
275 2850 333 2898 not.
351 2861 413 2916 pag.
428 2844 592 2912 LIX-LXV3
604 2875 637 2882 —
648 2844 703 2898 ou.
713 2843 848 2912 Morino,
864 2844 992 2897 Histoire
1007 2843 1041 2895 de
1057 2844 1087 2895 lu
1104 2842 1228 2895 litteru-

159 2933 223 2980 ture
237 2942 370 2996 praeque,
389 2925 466 2978 trud.
483 2918 671 2992 Hillcbrund,
688 2923 755 2992 iri-l,
772 2924 814 2993 ll,‚
824 2941 885 2994 pag.
902 2923 974 2993 5783
995 2954 1021 2962 -
1040 2923 1074 2976 G.
1093 2922 1227 2990 Punuor,

91 3027 93 3031 ·
159 3023 204 3077 op.
219 3008 252 3071 l.,
268 3023 329 3077 pag.
346 3005 473 3073 aluam,
486 3005 532 3076 qni
549 3003 689 3074 prioribus
705 3005 843 3059 consent't
857 3011 884 3058 et
898 3005 951 3057 hoc
967 3003 1050 3057 modo
1066 3002 1224 3056 concludit:

81 3148 83 3153 y
161 3108 172 3137 n
189 3088 227 3144 Ge
242 3086 292 3157 qui
304 3088 392 3157 parait
406 3087 477 3140 donc
493 3087 518 3139 le
533 3086 597 3156 plus
614 3085 838 3152 vraisemblable,
856 3085 923 3138 c’est
948 3101 1002 3154 qne
1026 3083 1135 3150 Platon,
1159 3099 1228 3136 avec

161 3188 172 3218 α
194 3185 225 3223 sa
239 3185 322 3222 verve
337 3168 454 3237 enjouee
470 3173 496 3222 et
510 3166 637 3233 fe'conde,
655 3182 685 3219 se
699 3182 761 3220 sera
776 3166 877 3219 diverti
900 3167 917 3218 a
940 3165 1034 3235 copier
1054 3165 1096 3218 les
1125 3164 1226 3234 proce-

161 3249 243 3303 «des
272 3256 298 3303 et
324 3250 350 3303 le
365 3255 429 3303 tour
455 3248 489 3303 de
517 3247 636 3318 Lysias3
665 3247 683 3300 il
711 3263 779 3300 aura
806 3247 893 3300 voulu
921 3252 1125 3315 montrerque‚
1143 3243 1166 3297 si
1186 3244 1228 3298 les

160 3351 171 3380 t
193 3330 320 3384 ennemis
330 3329 364 3383 de
374 3331 400 3383 la
407 3329 567 3399 rhetorique
579 3328 759 3398 me'prisaient
768 3344 814 3381 ces
828 3327 938 3381 fausses
954 3326 1079 3393 beaute'S,
1092 3341 1123 3378 ce
1133 3324 1229 3379 n'e'tait

160 3431 171 3460 t
193 3410 270 3480 point
284 3427 332 3480 par
347 3410 534 3480 impuissanoe
546 3415 572 3463 et
586 3425 636 3479 par
650 3409 741 3474 envie,
754 3408 822 3478 qu’il
832 3409 894 3461 leur
904 3406 993 3461 aurait
1006 3407 1048 3460 ete
1065 3405 1155 3472 facile,
1168 3405 1228 3459 s’ils

160 3511 171 3540 a
193 3491 302 3545 avaient
316 3491 463 3561 daigne's'p
476 3491 631 3560 appliquer‚
641 3489 763 3558 d'egaler
776 3505 845 3542 ceux
860 3487 907 3558 qui
923 3487 1051 3542 faisaient
1064 3503 1104 3540 un
1117 3486 1140 3539 si
1152 3503 1230 3540 mau-

160 3591 171 3622 n
194 3572 252 3627 vais
265 3589 350 3642 usage
359 3572 393 3625 de
406 3573 467 3626 leur
476 3573 570 3625 talent.
589 3591 599 3620 n
609 3571 774 3624 -Inoertns
790 3586 855 3622 vero
872 3575 914 3622 est
928 3574 1023 3623 auctor
1034 3566 1228 3621 eminentissi-

158 3669 232 3721 muS,
248 3654 271 3707 J.
296 3653 419 3721 Gmnnn,
445 3651 553 3706 Etudes
577 3668 629 3704 sur
654 3650 838 3721 l'Eloquence
867 3649 988 3719 attique,
1020 3647 1115 3714 Paria,
1142 3646 1226 3715 4874,
1253 3651 1257 3655 “

158 3750 220 3806 pag.
237 3734 264 3803 6,
280 3734 323 3788 43.
333 3766 366 3774 -
381 3733 470 3804 Lysiae
485 3731 596 3787 tandem
609 3730 772 3785 amatoriam
786 3731 867 3784 istam
877 3728 1106 3784 declamationem
1120 3727 1227 3782 adscri-

158 3814 198 3868 bit
212 3815 243 3869 E.
259 3815 369 3883 nonna,
385 3812 585 3868 Observations
598 3851 652 3879 ....,
676 3811 830 3864 Annuoire
852 3811 887 3864 de
915 3807 1149 3863 l'rlsaociation...
1180 3809 1229 3863 des

158 3894 269 3949 Etudes
288 3911 435 3965 preoquea
452 3893 531 3948 4871.
548 3890 766 3958 -Cf.Bou1TZ‚
784 3908 828 3961 op.
847 3892 878 3960 l.,
895 3907 956 3962 pag.
973 3888 1035 3957 272,
1051 3893 1108 3942 not.
1124 3887 1151 3942 3.

196 3975 232 4047 (2)
249 3976 380 4045 Phaedr„
397 3975 448 4028 227
465 3976 494 4030 C.
