2782 4734
630 590 779 651 -.7-

177 745 496 812 «Fundamentum
517 745 647 829 dialogi
684 745 830 833 hujus...
864 752 918 814 est
951 746 1138 829 rhetorica,
1169 747 1243 816 sive

176 887 188 920 α
211 881 270 928 ars
291 861 443 942 dicendi,
474 864 519 929 ad
544 882 649 947 quam
679 863 797 930 omnia
825 884 846 929 a
870 865 1019 930 Phaedro
1043 854 1077 930 et
1101 867 1244 933 Socrate

176 1004 189 1036 r
213 976 306 1045 dicta
324 976 425 1062 quasi
443 977 650 1046 directa‘via
671 979 888 1065 pertinent...
911 1005 924 1039 b

205 1092 382 1179 Reperire
402 1099 468 1174 est,
495 1094 603 1162 latine
635 1095 807 1181 exposita,
837 1097 930 1182 apud
957 1097 1170 1178 Stabianum,
1200 1118 1249 1189 ea

173 1229 252 1294 quae
265 1211 308 1276 de
320 1211 471 1276 Phcedro
498 1230 519 1276 a
549 1211 694 1306 criticis,
727 1212 1102 1298 Schlez'ermoclmrtl),
1125 1216 1172 1278 K.
1195 1216 1237 1279 F.
1296 1220 1299 1229 '
1378 1180 1382 1188 Ι

178 1328 363 1392 Hermann
383 1326 441 1413 (2),
463 1327 663 1393 Stollbonm
684 1330 759 1410 ipso
775 1328 836 1413 (3),
858 1331 896 1394 ut
916 1331 1049 1412 ceteros
1065 1328 1238 1411 omittam,

173 1441 374 1525 excogitata
396 1443 493 1510 fuere
517 1446 551 1510 et
579 1443 802 1529 conscripta:
834 1464 913 1528 quae
941 1463 1052 1529 neque
1075 1445 1167 1512 iuter
1205 1465 1242 1512 se

173 1557 406 1640 congruentia
434 1577 545 1642 neque
569 1558 747 1626 interdum
767 1561 865 1626 clara
888 1565 922 1627 et
950 1559 1144 1658 perspicua
1163 1581 1242 1628 esse

177 1673 395 1741 examinanti
413 1673 588 1755 videntur,
610 1675 693 1742 licet
711 1677 835 1742 eadem
862 1695 931 1742 non
959 1675 1108 1762 rejiciat,
1134 1677 1241 1744 immo

174 1789 347 1856 admittat.
373 1792 473 1857 Haud
494 1790 597 1857 aliter
617 1790 774 1859 sentiunt
793 1793 946 1857 Krische
964 1791 1055 1876 qui«
1078 1794 1242 1858 nucleum

175 1908 281 1971 toh'us
312 1907 450 1992 diolopi
484 1910 588 1990 ponit
615 1910 654 1972 to
684 1914 761 1973 orte
790 1910 977 1974 (dialectico
1006 1900 1066 1977 aul
1098 1908 1135 1975 in
1173 1911 1243 1976 fine

174 2021 384 2102 scientiae»,
417 2027 451 2088 et
477 2025 675 2104 Statorem,
709 2024 768 2108 qui
796 2026 954 2091 declarat
990 2027 1171 2092 Platonem
1204 2024 1241 2091 in

174 2131 325 2195 Phoedro
355 2130 541 2216 opposuise
568 2130 676 2198 vitam
705 2131 815 2197 animi
851 2151 932 2198 vere
966 2131 1243 2219 philosophicam

176 2245 257 2312 vitae
272 2245 413 2329 vulgari
439 2246 564 2313 humili
589 2250 762 2331 rebusque
785 2247 1011 2315 terrestribus
1034 2248 1192 2333 deditae(
1218 2251 1241 2335 ).

211 2503 245 2570 (ll
265 2521 275 2548 r
299 2502 501 2570 Argumentum
515 2504 599 2557 totius
612 2504 674 2558 lihri
688 2509 771 2574 atque
787 2521 925 2558 summam
954 2520 986 2556 eo
1016 2504 1107 2558 redire
1136 2511 1244 2558 censet-

177 2608 185 2627 π
210 2589 239 2635 ut
253 2586 341 2635 artem
357 2581 526 2637 dialecticam
543 2585 674 2638 doceatur
689 2601 773 2638 unam
788 2602 851 2638 esse
867 2589 969 2638 rectam
996 2585 1133 2654 cogitandi
1161 2591 1244 2656 atque

178 2684 187 2712 l
209 2661 365 2716 disserendi
383 2664 542 2732 magistram
560 2665 723 2733 (die-Konst
738 2665 787 2718 des
804 2665 909 2718 freiens
937 2665 1069 2718 Denkens
1095 2665 1152 2719 und
1181 2666 1242 2719 Min

177 2741 373 2809 athellena..
395 2765 404 2792 l
428 2745 661 2815 Salaminum
701 2746 761 2813 cit,
793 2746 917 2814 Proteo,
936 2763 997 2815 pag.
1029 2746 1243 2814 XXVIII-XXX,

176 2834 243 2881 not..

212 2919 248 2987 (⁶2)
266 2940 276 2967 l
293 2918 481 2983 Quamobrem
497 2916 557 2984 ipse
573 2914 696 2968 studium
713 2923 821 2969 aeterum
837 2915 960 2968 veritatis
975 2917 1018 2968 vel
1033 2915 1160 2969 idearum
1176 2916 1244 2969 illud

178 3020 188 3046 «
204 3016 266 3053 esse
273 2998 417 3068 judicavit,
433 2997 461 3050 in
477 3013 532 3065 quo
547 2996 631 3050 totius
647 2996 786 3050 sermonis
808 3002 939 3065 tanquam
954 2996 1036 3049 cardo
1052 3001 1241 3050 verteretur.»

178 3080 226 3147 ld,
243 3080 322 3148 ibid,
340 3096 399 3150 pag.
418 3077 518 3144 XXXI,
535 3082 609 3129 not..

213 3161 248 3227 (3)
267 3183 276 3209 ll
295 3161 383 3224 Quam
401 3158 566 3212 sententiam
582 3158 664 3211 etiam
680 3157 835 3226 simplicius
852 3157 891 3210 sic
906 3157 1063 3227 exprimere
1078 3157 1184 3225 licebit,
1216 3163 1246 3211 ut

179 3261 188 3288 l
211 3241 355 3294 Platonem
370 3240 496 3293 dicamus
510 3238 609 3303 falsam
624 3237 791 3290 rhetoricam
807 3237 934 3292 vanitatis
955 3238 1131 3306 coarguendo
1154 3238 1245 3308 philo·

179 3343 188 3370 »
212 3321 338 3390 sophiam
354 3320 484 3373 docuisse
500 3325 599 3373 natura
616 3335 667 3371 sua
694 3318 804 3370 unicam
833 3335 895 3372 esse
925 3318 1047 3372 scientiae
1065 3325 1120 3372 tam
1144 3317 1245 3388 adipis-

179 3422 189 3450 «
207 3402 301 3455 cendae
315 3418 399 3470 quani
415 3399 600 3470 propagandae
616 3405 642 3452 et
656 3398 797 3451 tradendae
818 3399 1041 3468 procreatricem.
1061 3420 1071 3447 l
1103 3399 1139 3451 ld.
1165 3398 1244 3465 ibid,

177 3482 280 3536 XXXlI
291 3481 424 3536 XXXIII.
549 3553 563 3563 ..
986 3553 999 3562 ..

213 3573 247 3637 ul
266 3573 344 3626 Α.Β.
370 3571 511 3637 Kulscun,
540 3570 612 3624 Uber
643 3571 762 3623 Plutona
786 3570 931 3637 Phaidros
959 3570 1124 3638 Calliopen,
1150 3569 1240 3624 1848.

176 3685 209 3692 -
224 3654 289 3720 Pag.
305 3652 372 3706 133:
397 3672 407 3700 l
424 3651 473 3704 llls
487 3651 564 3704 Kern
580 3650 629 3703 des
643 3667 748 3718 ganzen
763 3651 921 3721 Gesprachs
945 3649 1086 3703 erscheint
1111 3651 1170 3704 also
1199 3649 1245 3703 die

179 3755 189 3783 l
207 3734 297 3788 Lehre
312 3749 366 3786 von
376 3733 426 3785 der
440 3731 577 3785 Dialektik
587 3732 628 3785 als
639 3731 733 3784 Kunst
747 3731 796 3784 des
812 3731 1006 3785 Denkensund
1018 3730 1067 3784 des
1083 3731 1163 3785 Seins
1177 3730 1245 3784 oder

179 3836 188 3862 l
207 3831 262 3868 von
275 3814 325 3867 der
338 3812 480 3867 Methodih
494 3812 543 3865 dos
560 3813 688 3867 Wissens
705 3812 761 3874 und
775 3812 838 3865 dern
850 3812 956 3866 Inhalte
972 3811 1153 3866 desselben...
1172 3829 1184 3862 n
1201 3841 1234 3849 -

177 3895 244 3951 Karl
261 3896 436 3961 siemundi,
460 3893 591 3946 Pluton's
616 3893 802 3946 scinnntlirhe
836 3892 972 3946 ll'erhe...
1004 3892 1114 3945 l'iertei·
1142 3891 1238 3945 Balad.

123 4005 128 4013 ·
176 3976 326 4047 Leipth...
341 3973 463 4029 1854-
474 3973 658 4042 Einleituog]‚
676 3990 737 4045 pag.
753 3973 784 4028 ‘ll
800 3993 804 4028 :
826 3993 836 4022 l
854 3973 994 4028 Hiernach
1009 3973 1176 4026 bestimmen
1192 3970 1246 4024 wir
