2782 4734
603 588 782 654 ..57-

160 776 173 812 1
203 749 326 833 rimus,
361 754 446 818 tunc
480 753 635 831 domurn,
671 748 701 815 si
739 747 878 832 quidem
918 746 1164 815 necessarium
1195 744 1232 812 id

159 883 172 918 1
197 857 369 938 videatur,
389 856 616 924 tractabimus
633 876 688 924 res
705 855 876 943 publicas
896 857 969 936 aut,
983 855 1224 940 quodcumque

160 991 173 1025 «
207 964 306 1032 nobis
326 964 441 1032 visum
457 964 536 1045 erit,
557 963 843 1042 deliberabimus,
865 960 1016 1047 aptiores
1031 961 1075 1026 ad
1097 960 1226 1027 delibe-

103 1098 107 1107 ·
161 1099 174 1132 «
205 1074 353 1140 randum
385 1091 490 1157 quam
520 1071 621 1139 hodie
654 1074 714 1157 l).
755 1097 768 1131 b
798 1071 915 1137 Verba
944 1068 1005 1135 illa
1032 1069 1225 1134 Phaedrum

158 1181 374 1247 confirmant
392 1183 427 1246 et
445 1178 637 1260 illustrant,
656 1180 782 1246 nedum
805 1178 968 1245 refutent.
988 1180 1075 1243 Dum
1094 1174 1227 1260 dialogi

158 1290 276 1371 partes
292 1285 454 1353 discerno
475 1291 509 1352 et
528 1303 809 1370 unamquamque
829 1282 965 1370 explico
981 1285 1035 1350 vel
1055 1285 1225 1369 expend0,

160 1401 229 1459 noh
254 1411 400 1479 possum
427 1393 511 1478 quin
538 1395 708 1460 vocabula
740 1391 949 1459 rhetoricam
984 1397 1018 1458 et
1053 1393 1226 1458 oratorem

162 1517 329 1585 usurpem
358 1503 392 1566 et
418 1498 665 1580 transcribam,
696 1503 731 1566 et
756 1499 792 1564 in
816 1499 881 1566 hoc
907 1500 1082 1565 Socratem
1112 1497 1226 1583 ipsum

159 1605 288 1673 imiter.
310 1607 375 1673 Sed
390 1605 426 1672 in
442 1625 485 1674 ea
504 1625 541 1674 re
562 1625 677 1674 nonne
687 1605 865 1673 Socratica
878 1606 1061 1672 methodus
1073 1603 1226 1670 maxime

160 1711 309 1780 illustris
338 1716 392 1780 est
419 1717 453 1780 et
482 1714 659 1781 secundat
684 1713 802 1794 Viam,
832 1732 936 1798 quam
963 1711 1029 1798 ipsi
1054 1713 1224 1791 rhetores,

161 1818 328 1905 sophistae
364 1824 521 1886 stravere
548 1822 583 1885 et
608 1818 801 1899 munivere,
832 1819 981 1885 libenter
1006 1817 1134 1884 intrat:
1165 1818 1226 1885 sed

160 1926 391 2013 procedendo,
426 1925 681 2012 progrediendo
711 1925 988 2012 inexspectatam
1029 1929 1063 1991 et
1100 1944 1225 1991 novam

161 2039 290 2099 metam
319 2031 445 2116 quaerit
476 2037 511 2100 et
544 2032 730 2116 contingit.
767 2036 811 2099 At
847 2031 939 2098 enim
974 2031 1179 2099 Aristoteles
1208 2051 1227 2098 e

161 2141 326 2220 Phaedro,
351 2138 480 2207 sioute
518 2140 624 2221 fonte,
654 2160 754 2207 suam
788 2139 974 2206 oratoriam
1004 2138 1228 2225 disciplinam

161 2245 320 2313 detorsit.
339 2248 376 2312 ld
393 2266 474 2314 vero
487 2246 565 2331 quis
587 2248 718 2331 negat?
738 2247 815 2332 quis
832 2246 936 2313 etiam
955 2265 1022 2312 non
1036 2244 1229 2329 intelligit?

163 2355 247 2420 Cum
267 2355 367 2420 Plato
386 2355 537 2420 educare
552 2353 775 2421 dialecticum
790 2373 870 2421 eum
885 2353 943 2438 qui
959 2373 1028 2420 uno
1048 2372 1128 2419 cum
1154 2350 1229 2418 viro

163 2458 430 2540 sermocinetur,
451 2464 525 2528 tum
549 2459 754 2528 Aristoteles
774 2460 949 2528 instruere
974 2461 1089 2527 studet
1117 2450 1229 2525 orato-

164 2585 237 2633 rem
267 2565 324 2652 qui
354 2586 472 2634 coram
510 2566 669 2654 pluribus
703 2567 801 2649 viria,
830 2569 968 2654 populo,
1005 2564 1229 2634 multitudine

163 2677 249 2756 agat
267 2677 300 2739 et
315 2672 421 2740 dicat.
440 2672 655 2759 Quicumque
682 2680 798 2741 autem
823 2673 988 2759 loquitur,
1015 2693 1130 2741 nonne
1149 2691 1229 2740 eum

163 2781 299 2866 oportet
318 2799 530 2864 cognoscere
550 2786 585 2849 et
605 2786 768 2850 naturam
789 2784 979 2849 humanam
1009 2784 1043 2849 et
1067 2785 1229 2847 naturam

165 2906 283 2954 rerum
303 2887 486 2972 dequibus
507 2891 690 2969 tractatur,
712 2894 751 2956 ut
765 2909 845 2956 cum
869 2894 960 2957 etse
983 2888 1059 2974 ipso
1080 2891 1114 2954 et
1133 2885 1231 2953 audi·

163 2992 298 3061 toribus
314 2995 401 3060 bene
421 2994 641 3062 consentiat?
661 2999 782 3064 Nonne
803 3001 840 3064 ut
852 2995 963 3063 oratio
976 2995 1155 3076 continua,
1181 2993 1231 3060 sic

166 3119 282 3167 sermo
298 3099 483 3168 familiaris
499 3107 533 3169 et
548 3104 682 3170 solutus
702 3105 747 3169 ad
763 3103 946 3170 veritatem
963 3101 1096 3169 tendit?
1117 3120 1232 3168 nonne

167 3207 260 3273 modi
285 3207 468 3275 veritatem
492 3209 687 3296 exponendi
722 3214 757 3276 et
784 3208 1002 3296 propagandi
1035 3228 1172 3293 semper
1199 3211 1233 3275 et

167 3313 294 3398 ubique
318 3313 423 3381 iidem
440 3320 522 3383 sunl
550 3321 585 3383 et
615 3316 773 3384 similest
802 3316 1008 3384 Aristoteles
1034 3336 1115 3383 vero
1152 3335 1232 3383 cum

167 3422 308 3487 Socrate
328 3422 392 3488 hoc
407 3421 523 3489 differt
542 3424 633 3508 quod
649 3443 758 3490 unum
786 3423 912 3505 virum,
937 3425 1034 3491 nullo
1059 3420 1231 3488 contradi-

167 3530 280 3606 cente,
301 3528 419 3612 plures
439 3530 673 3614 alloquentem
693 3529 883 3609 auditores
907 3548 1039 3609 verum,
1054 3528 1234 3613 Justumet

169 3633 296 3700 honum
316 3635 440 3702 docere
455 3654 557 3721 posse
581 3636 784 3717 arbitratur,
811 3639 970 3703 Socrates
991 3654 1059 3701 non
1086 3633 1234 3701 arbitra-

167 3741 238 3804 tur.
256 3741 396 3806 Socrate
404 3739 536 3826 judice,
566 3741 774 3829 sapientiam
799 3761 956 3828 quaerere
988 3760 1044 3808 res
1076 3745 1130 3806 est
1156 3759 1234 3825 quae

212 3978 248 4047 (l)
266 3978 365 4047 Gorq,
381 3979 432 4034 527
449 3981 481 4035 D,
