2782 4734
617 565 794 628 ...40-

202 727 291 793 lllud
310 713 366 792 est
384 722 579 791 mammum
601 726 746 804 malum,
769 722 1004 791 cui-Socrates
1028 723 1224 791 remedium

155 832 309 900 adhibet.
332 831 365 899 Si
386 836 564 916 quaeretur
583 851 647 899 cor
661 831 776 918 prima
798 831 875 917 eJ‘us
894 833 937 898 de
966 850 1085 898 amore
1111 831 1226 898 oratio

156 939 244 1006 satis
257 937 454 1026 plausibilis
474 957 553 1004 esse
572 937 744 1018 videatur,
766 936 926 1022 quamvis
947 957 1016 1003 non
1038 937 1225 1005 veritatem

155 1045 343 1133 exprimat,
362 1043 555 1131 reperietur
574 1063 654 1111 enm
670 1043 909 1112 definitionem
925 1047 1112 1128 quamdam
1130 1065 1227 1111 amo-

157 1153 205 1220 ris
225 1156 260 1220 et
279 1151 505 1220 verisimilem
522 1155 557 1217 et
575 1150 680 1217 etiam
701 1151 820 1236 aliqua
834 1156 933 1237 parte
953 1171 1068 1218 veram
1090 1172 1112 1217 a
1132 1151 1227 1238 prin·
1324 1219 1328 1228 ,

155 1259 246 1346 cipio
265 1257 417 1338 dedisse,
436 1262 513 1343 post
527 1257 723 1344 explicasse
739 1263 773 1324 et
788 1259 1018 1325 confirmasse
1033 1257 1082 1324 ita
1097 1262 1136 1325 ut
1153 1277 1227 1325 rem

155 1386 261 1450 quam
291 1365 327 1431 in
360 1364 515 1445 exordio,
546 1367 718 1446 eamdem,
753 1364 832 1430 aliis
859 1363 999 1448 quidem
1032 1364 1163 1446 verbis,
1191 1362 1250 1431 in'

156 1472 380 1540 conclusione
399 1471 539 1551 dixerit,
557 1471 715 1538 auditore
734 1473 922 1551 adnuente,
944 1476 1062 1557 utpote
1089 1471 1163 1556 qni,
1182 1493 1227 1538 ex

156 1581 222 1647 hoc
242 1579 317 1665 ipso
349 1581 439 1663 quod
470 1577 666 1645 definitioni
695 1578 966 1659 assentiebatur,
984 1578 1059 1664 jam
1085 1581 1228 1646 conclu-

158 1685 247 1753 sioni
261 1687 480 1772 praelaverel.
510 1684 670 1751 Definitio
696 1690 814 1753 autem
834 1684 896 1750 illa
927 1704 1038 1769 neque
1058 1684 1229 1752 universa

159 1811 270 1876 neque
304 1811 386 1859 vera
407 1790 468 1859 luit
489 1809 495 1857 :
519 1810 599 1857 nam
625 1811 724 1858 amor
744 1812 812 1858 non
845 1793 959 1858 solum
978 1796 1032 1858 est
1060 1790 1226 1858 delirium

159 1900 332 1983 quoddam
366 1899 558 1965 humanum
587 1902 622 1965 et
651 1901 695 1964 ab
725 1898 937 1979 hominibus
959 1902 995 1965 at
1028 1898 1228 1985 praesertim

159 2005 322 2072 delirium
351 2004 509 2072 divinum
534 2025 556 2071 a
586 2009 725 2073 Venere
755 2006 978 2092 inspiratum.
1006 2009 1079 2073 Hoc
1107 2009 1227 2072 autem

159 2115 318 2179 Socrates
352 2111 499 2178 delinire
533 2114 649 2179 studet
678 2133 744 2195 per
771 2115 1030 2197 differentium,
1057 2118 1096 2178 ut
1127 2112 1229 2179 aiunt

160 2216 374 2297 scholastici,
420 2236 488 2282 non
527 2217 643 2284 minus
676 2237 780 2301 quam
821 2237 977 2284 amorem
1016 2218 1225 2284 humanum.

159 2324 457 2399 Quemadmodum
478 2324 681 2410 appetitum,
698 2344 800 2408 quem
820 2328 946 2391 vocant
958 2342 1127 2403 amorem,
1146 2343 1228 2391 cum

159 2430 284 2497 ceteris
301 2430 455 2516 corporis
476 2430 670 2498 adfectibus
687 2430 845 2512 contulit,
869 2430 919 2497 sic
943 2429 1106 2497 delirium
1130 2450 1227 2496 ama-

160 2540 273 2603 torum
301 2542 482 2623 comparat
515 2557 595 2605 cum
630 2537 753 2604 delirio
781 2538 1043 2624 prophetarum,
1073 2536 1228 2604 initiato-

161 2663 250 2724 rum,
274 2653 406 2725 vatum‚
428 2651 462 2711 et
492 2644 527 2710 id
547 2645 809 2728 distinguendo,
833 2646 1047 2711 secernendo
1070 2663 1092 2710 a
1122 2646 1227 2711 rebus

158 2771 236 2834 quae
263 2750 294 2816 ei
315 2756 396 2818 sunt
417 2751 564 2832 similes
586 2751 662 2838 ejus
692 2751 853 2818 intimam
882 2759 917 2818 et
947 2771 1066 2818 reram
1100 2750 1228 2818 intros-

160 2856 244 2942 picit
282 2864 458 2938 naturam,
480 2857 611 2924 amoris
641 2858 790 2943 denique
815 2860 968 2944 arnplam
997 2857 1228 2942 eamdemque

160 2970 305 3045 certam,
338 2967 423 3032 bene
454 2965 634 3032 definitam
668 2964 843 3032 notionem
873 2964 1018 3031 invenit.
1042 2968 1093 3031 lta
1121 2966 1161 3030 fit
1191 2969 1229 3031 ut

160 3072 319 3138 Socrates
335 3092 356 3137 a
371 3071 548 3158 proposito
566 3091 628 3139 suo
645 3091 823 3156 nunquam
851 3070 1014 3151 declinet,
1046 3089 1228 3154 nunquam

160 3171 423 3258 egressionibus
444 3178 544 3245 vanis
565 3178 760 3262 indulgeat,
777 3179 866 3262 quod
888 3176 1053 3263 sophistis
1067 3175 1228 3244 accidere

160 3284 259 3349 solet.
285 3310 297 3343 «
323 3287 465 3372 Semper
484 3288 606 3352 eadem
636 3284 774 3366 diciso
802 3287 973 3351 Socrates.
1000 3285 1145 3349 -Non
1176 3303 1230 3350 so-

164 3415 176 3448 «
199 3391 272 3456 lum
293 3391 446 3475 quidem,
468 3413 487 3459 0
508 3392 682 3473 Callicles
700 3380 761 3458 s'ed
781 3396 815 3458 et
829 3393 872 3458 de
888 3390 1012 3458 iisdem
1033 3392 1092 3475 (l).
1120 3415 1134 3450 »

204 3498 304 3565 Hanc
336 3498 447 3582 igitur
480 3499 630 3586 primam
664 3503 798 3585 oportet
823 3517 965 3565 servare
993 3499 1156 3581 regulam
1191 3496 1228 3563 in

161 3602 319 3670 oratione
353 3604 568 3673 factitanda:
602 3631 615 3665 l
645 3609 684 3671 ln
716 3623 821 3672 unam
853 3603 968 3671 ideam
1006 3601 1229 3689 conspiciens

165 3733 178 3767 «
201 3711 344 3795 (orator)
359 3712 503 3778 reducat
517 3711 695 3797 dispersas
713 3709 891 3776 notionum
908 3713 1039 3796 parteS,
1055 3711 1093 3775 ut
1108 3727 1230 3792 quam-

200 3949 235 4018 ll)
254 3951 353 4020 Gora,
370 3951 424 4006 490
438 3952 459 4007 E
