2782 4734
579 533 757 599 ,64-

38 688 42 693 ”
139 694 192 761 nis
210 693 388 779 relliquias
409 694 468 778 (l).
492 693 634 760 Rectius
654 712 752 774 sane,
774 694 836 759 sed
861 692 1105 776 obcurissime,
1129 715 1201 763 rem

138 800 301 870 tractavit
315 801 479 866 albertus
494 800 641 866 Fischer
654 801 715 885 (2,
734 802 833 867 Plato
849 818 930 866 vero
943 801 1091 868 sormam
1112 803 1203 870 hanc

138 907 308 978 narrandi
331 912 365 975 et
384 905 530 974 docendi
552 926 619 972 non
641 909 787 992 usurpat
805 910 844 974 ut
868 909 966 975 ludat
990 912 1025 975 et
1043 907 1203 992 dialogos

138 1020 182 1084 ad
208 1017 421 1101 voluptatem
441 1013 591 1097 legentis
616 1017 717 1080 ornet
739 1014 960 1098 decoretque,
987 1016 1078 1099 quod
1104 1018 1202 1082 Phae-

137 1127 223 1191 drus
243 1122 318 1209 ipse
334 1126 434 1189 vocat
453 1127 480 1188 ἐν
496 1127 606 1207 λέγοις.
616 1176 635 1187 ..
650 1127 773 1199 eattae:
791 1122 951 1188 Socrates
965 1121 1059 1188 enim
1073 1129 1203 1207 quanto

137 1229 292 1317 pulcrior
314 1233 349 1296 et
372 1226 491 1295 utilior
511 1227 558 1294 sit
577 1229 776 1310 mythorum
796 1226 832 1293 in
853 1227 1073 1295 sermonibus
1094 1229 1203 1315 philo-

139 1335 292 1423 sophicis
322 1354 407 1404 usus
437 1334 579 1417 (καλλίων
608 1336 728 1416 σπουδή)
761 1336 933 1401 memorat
960 1336 1136 1421 extemplo
1170 1340 1203 1402 et

137 1442 301 1529 explicat.
325 1439 499 1526 (Pboedr,
520 1442 585 1507 276
601 1443 655 1523 E.)

183 1551 251 1616 Sub
271 1546 409 1615 initium
429 1546 562 1631 dialogi
581 1547 641 1628 (3),
658 1546 895 1614 urbanissime
910 1549 1068 1632 Socrates
1082 1533 1203 1615 omnes

139 1675 197 1723 eos
232 1655 346 1740 carpit
378 1654 435 1738 qui
467 1654 614 1720 fabellas
640 1653 896 1737 mythologicas
928 1653 1137 1736 rationibus,
1168 1663 1205 1722 ut

139 1764 251 1844 aiunt,
276 1760 432 1848 physicis
461 1759 685 1847 interpretari
704 1764 738 1826 et
757 1759 936 1827 illustrare
956 1763 1089 1829 solent:
1112 1761 1205 1829 scili-

139 1874 194 1936 cet
212 1872 246 1935 et
261 1867 335 1934 dies
355 1872 388 1933 et
407 1868 505 1933 labor
525 1866 569 1932 iis
585 1866 706 1932 irritus
718 1866 841 1932 effluit.
860 1868 956 1943 Quod
968 1868 1012 1933 ad
1028 1869 1204 1935 Socratem

140 1995 222 2044 vero
237 1974 375 2054 attinet,
390 1993 459 2040 non
479 1972 515 2039 in
535 1972 685 2056 argutiis
701 1971 778 2039 istis
795 1978 947 2040 mentem
968 1978 1002 2040 et
1021 1973 1204 2054 ingenium

140 2081 306 2163 absumit,
323 2085 445 2158 contra
467 2083 553 2147 bono
566 2079 684 2147 animo
700 2079 855 2147 historiis
871 2080 1065 2166 antiquitus
1079 2085 1206 2168 populo

140 2189 292 2275 acceptis
306 2190 417 2274 ,fidem
435 2187 586 2254 adhibet.
609 2189 684 2252 Non
708 2186 803 2253 enim
828 2186 923 2253 circa
949 2207 1005 2254 res
1025 2193 1204 2269 externas

141 2302 257 2365 mente
279 2295 396 2362 animo
411 2295 610 2375 destitutas
631 2315 653 2360 a
679 2314 717 2361 se
736 2293 884 2375 alienas
909 2295 1027 2363 futiles
1048 2296 1097 2382 (4)
1112 2298 1206 2364 labo-

143 2403 246 2484 rabit,
263 2423 342 2470 cum
364 2395 404 2469 se
422 2403 537 2488 ipsum
558 2402 672 2468 adhuc
690 2401 840 2485 ignoret..
862 2403 1016 2470 Valeant
1042 2408 1076 2470 et
1096 2404 1207 2471 taces·

142 2514 222 2578 sant
248 2507 534 2596 Hippocentauri,
560 2510 754 2591 Gorgones,
780 2512 952 2592 Pegasus.
974 2512 1065 2577 Ante
1088 2510 1208 2576 omnia

143 2618 283 2686 sibimet
311 2616 540 2700 intelligendo
573 2618 607 2681 et
635 2614 773 2701 penitus
793 2617 1007 2702 explorando
1033 2619 1107 2685 vult
1135 2622 1207 2685 stu-

50 2807 51 2810 ,
142 2728 237 2806 dere,
259 2728 293 2792 et
312 2722 438 2808 quaerit
449 2727 573 2789 ⁴utrum
593 2721 639 2789 sit
662 2722 786 2803 bestia,
810 2726 847 2790 ut
870 2724 999 2810 Typho‚
1022 2723 1208 2810 multiplex

143 2837 177 2900 et
205 2831 350 2912 furiosa,
381 2849 426 2895 an
455 2829 588 2895 animal
612 2831 831 2896 moderatum
855 2835 890 2896 et
915 2833 1052 2897 naturae
1079 2830 1209 2897 divinae

143 2938 330 3026 particeps
352 2940 474 3004 Nonne
497 2935 557 3021 qui
578 2935 671 3003 vires
691 2935 937 3020 intelligentiae
957 2956 1032 3005 suae
1051 2935 1088 3003 in
1108 2938 1209 3005 steri-

143 3046 233 3115 libus
265 3043 561 3132 speculationibus
593 3049 804 3110 consumunt
841 3062 883 3110 ac
918 3044 1126 3130 deperdunt,
1157 3045 1209 3112 illi

144 3165 227 3221 sunt
253 3151 441 3238 sophistae?
461 3150 591 3219 Vident
610 3156 644 3217 et
665 3154 815 3217 cernunt
835 3153 970 3218 tantum
997 3170 1107 3218 vanas
1132 3172 1209 3239 spe-

144 3261 228 3342 cies
250 3266 431 3326 externam
447 3265 481 3325 et
495 3257 657 3324 mobilem
678 3276 795 3324 rerum
812 3257 950 3361 taciem,
971 3258 1006 3324 ri
1022 3265 1175 3342 φκινέμενκ
1201 3279 1207 3325 ;

179 3531 217 3599 tl)
239 3529 311 3583 Rud.
334 3528 452 3581 Hrnznn.
473 3527 561 3581 Ucber
578 3527 630 3578 dos
649 3525 837 3580 Rhetorische
856 3526 918 3579 rrnrt
939 3525 1018 3579 scine
1036 3526 1210 3596 Bedeutung

145 3611 189 3664 boi
204 3611 299 3664 Pluto,
318 3608 428 3677 lipsi-r,
448 3606 536 3661 1871.
770 3603 771 3606 ’

181 3691 215 3760 (2,
236 3691 279 3744 De
293 3689 402 3758 mythis
414 3687 608 3757 platonicis„
622 3687 824 3756 Regimonti...
844 3687 890 3740 l'r.
908 3686 1122 3742 MDCCCLXV·

181 3772 217 3835 03)
238 3770 363 3837 rhaedr,
380 3767 433 3823 229
448 3770 479 3836 G,
493 3768 526 3836 D,
543 3767 575 3835 E,
591 3767 644 3822 230
658 3768 691 3821 n.

180 3854 207 3908 ill
239 3852 368 3920 Phaedra,
384 3849 474 3904 2301)
492 3867 496 3902 2
517 3847 684 3920 «φιλομαθὴς
703 3847 751 3919 γάρ
771 3844 819 3919 εἰμι
837 3866 842 3877 ·
859 3847 890 3901 τὶ
906 3845 949 3919 μὲν
968 3841 1011 3902 οὖν
1032 3848 1120 3921 pulpae
1133 3861 1177 3904 aar,
1194 3849 1246 3903 tir·

148 3955 157 3985 u
181 3930 354 4006 δένδρναοῖδὲν
371 3931 401 4004 μ’
417 3929 492 3985 {bela
507 3929 636 3987 brodoan.
656 3929 678 3982 oi
692 3926 719 3982 δ’
735 3925 758 3982 ἐν
773 3933 809 4000 τῷ
825 3925 891 3981 ἄστει
908 3924 1045 4000 &adprobet
1064 3949 1074 3979 a
