2782 4734
605 525 782 607 ..53-

171 722 331 771 «coram
371 700 497 769 ceteris
540 700 781 787 potestatibus,
828 700 872 766 ad
917 718 1004 784 quas
1052 698 1230 768 orationes

165 835 176 864 ‹
205 812 414 890 habeantur,
453 811 499 890 et,
546 813 730 894 postquam
763 806 1028 894 persuasionem
1067 806 1230 889 effecisti,

163 949 173 980 «
206 916 303 984 abire
323 935 392 982 non
412 936 491 984 cum
511 914 680 996 minimis,
704 914 765 981 sed
779 933 859 982 cum
877 913 1041 981 maximis
1057 914 1229 1000 praemiis

163 1046 174 1078 ι
204 1027 344 1090 servata
381 1025 495 1090 salute
531 1021 712 1109 ipsiusque
750 1024 784 1088 et
816 1024 956 1088 tuarum
992 1022 1228 1102 fortunarum,

163 1161 173 1192 «
199 1132 312 1196 salute
332 1127 538 1196 amicorum.
570 1127 633 1195 His
657 1127 768 1213 igitur
795 1131 930 1215 oportet
953 1131 987 1194 te
1012 1127 1229 1209 incumbere,

163 1267 173 1298 «
202 1241 237 1304 et
269 1236 513 1320 derelinquere
546 1234 710 1320 argutias
738 1233 838 1316 istas,
866 1253 909 1302 ne
932 1234 1085 1302 videaris
1122 1234 1229 1302 nimis

162 1372 173 1402 ι
201 1345 346 1410 demens
367 1362 486 1409 esse...
508 1343 556 1427 (l)
574 1367 602 1408 l.
621 1342 687 1409 Sed
716 1344 832 1425 longae
859 1340 931 1408 illae
953 1347 987 1409 et
1004 1341 1128 1409 ordine
1151 1341 1228 1408 tlis-

158 1449 281 1536 positae
316 1449 491 1516 orationes
523 1448 656 1517 Socrati
692 1451 793 1515 valde
825 1448 1024 1534 displicent.
1058 1475 1071 1509 a
1105 1450 1231 1519 Pulcre

161 1583 172 1615 r
200 1555 353 1641 quidem,
375 1556 579 1640 oGorgias,
602 1556 740 1622 videtur
774 1557 880 1623 Polus
904 1561 1126 1643 comparatus
1152 1577 1230 1624 esse

161 1688 174 1721 l
197 1663 242 1728 ad
262 1663 458 1729 orationes:
481 1665 571 1747 quod
594 1661 769 1729 sedenim
789 1661 951 1748 promisit
970 1663 1228 1750 Chaerephonti‚

162 1795 174 1827 κ
205 1769 322 1835 idnon
339 1769 433 1836 facit.
449 1807 493 1816 -
515 1769 602 1846 Quid
627 1767 815 1855 praecipue,
843 1787 863 1836 o
896 1771 1079 1837 Socrates?
1109 1773 1230 1838 -Ad

163 1902 175 1935 «
206 1875 462 1960 interrogatum
483 1879 579 1944 nullo
607 1878 708 1943 modo
728 1875 813 1942 mibi
842 1876 979 1943 videtur
1003 1879 1227 1963 respondere.

163 2010 175 2040 «
205 2021 248 2030 —
267 1986 312 2050 At
330 1987 381 2064 tu,
404 1983 434 2050 si
446 1985 572 2070 placet,
594 1987 717 2068 rogato
736 2003 828 2050 eum.
851 2021 894 2030 -
921 1986 1009 2064 Non,
1036 1982 1066 2050 si
1093 1987 1131 2051 tu
1156 1984 1231 2072 ipse

165 2117 177 2148 «
208 2093 333 2157 saltem
354 2089 503 2158 libenter
519 2093 756 2178 respondeas:
784 2109 910 2176 nempe
931 2092 1041 2157 multo
1062 2090 1229 2159 libentius

162 2222 174 2256 a
203 2201 237 2263 te
267 2196 495 2281 interrogem.
537 2197 761 2265 Manifestum
799 2196 893 2264 enim
923 2201 977 2264 est
996 2197 1082 2264 mibi
1106 2201 1230 2266 Polum

166 2329 178 2362 u
208 2305 263 2370 vel
287 2303 388 2371 exiis
409 2324 487 2389 quae
517 2303 618 2386 dixit,
648 2303 699 2369 illi
730 2324 834 2389 quam
865 2308 990 2371 vocant
1017 2304 1230 2373 rhetoricam

164 2437 176 2469 <c
206 2410 321 2493 magis
374 2410 552 2477 studuisse
580 2430 684 2496 quam
714 2411 934 2496 colloquendi
974 2411 1043 2479 arti
1084 2418 1230 2497 (διαλέγε-

164 2543 176 2575 «
206 2526 281 2599 abu)
296 2517 356 2600 (2).
377 2542 389 2575 b
414 2520 636 2600 Interrogare
651 2521 685 2584 et
710 2519 931 2603 respondere,
959 2519 1034 2585 baec
1047 2517 1163 2585 omnis
1179 2524 1233 2585 est

78 2652 82 2657 ·
162 2643 220 2689 ars
241 2621 418 2689 Socratica
437 2622 632 2690 disserendi
657 2629 691 2690 et
710 2623 924 2710 disputandi.
955 2624 1093 2692 Scilicet
1113 2627 1232 2693 Socra·

162 2734 214 2796 tes
245 2755 257 2788 «
299 2727 476 2795 dialectici
497 2748 620 2796 nomen
650 2731 767 2798 dicere
793 2732 927 2798 solebat
957 2733 1001 2797 ab
1026 2750 1098 2799 una
1127 2734 1231 2799 collo·

166 2862 180 2895 u
203 2835 331 2919 quendi
347 2839 380 2902 et
397 2855 452 2901 res
471 2835 563 2903 inter
582 2855 714 2920 genera
728 2836 961 2904 distribuendi
975 2838 1231 2907 consuetudine

167 2969 179 3001 u
209 2942 362 3023 venisse,
413 2941 495 3009 buic
532 2941 642 3026 igitur
683 2944 925 3011 exercitationi
960 2943 1231 3012 accuratissime

166 3077 177 3107 ι
207 3048 365 3116 hominos
386 3051 527 3117 studere
547 3053 581 3117 et
606 3049 797 3116 maximam
823 3070 964 3137 operam
987 3052 1072 3118 dare
1088 3053 1230 3132 debere,

167 3181 177 3209 «
207 3176 286 3222 cum
302 3158 346 3222 ad
365 3156 605 3223 informandos
621 3156 769 3242 optimos
791 3161 826 3224 et
849 3157 1081 3244 peritissimos
1116 3158 1231 3245 politi-

168 3287 177 3315 «
207 3281 278 3340 cos
301 3262 551 3329 subtilissimos
571 3263 773 3330 dialecticos
799 3266 947 3331 multum
977 3266 1093 3331 valeat
1118 3267 1167 3353 (3)
1201 3291 1229 3331 l).

165 3370 243 3434 Sola
258 3368 444 3436 dialectica
464 3369 622 3437 bomines
642 3370 687 3435 ad
702 3370 866 3438 virtutem
887 3376 921 3438 et
944 3370 1126 3439 veritatem
1155 3392 1232 3458 pro-

165 3474 270 3541 vebit.
296 3501 308 3534 «
329 3478 371 3541 Et
389 3475 527 3556 deinde,
549 3481 731 3562 postquam
752 3476 801 3543 itu
819 3497 891 3545 una
922 3477 1085 3551 virtutem
1116 3480 1232 3546 colue-

199 3760 548 3829 u)11tpp.Muj.‚304n
576 3763 607 3815 Β.

202 3839 236 3907 d)
255 3840 355 3908 θον),
371 3840 424 3893 448
439 3841 470 3893 D.

200 3920 238 3988 ὦ)
255 3920 385 3990 Xenopb.
401 3921 534 3988 Memor,
549 3922 596 3983 lv,
612 3922 639 3990 5,
655 3922 699 3974 lu.
