2782 4734
636 569 818 640 -70-v

189 729 314 791 cantus
331 727 510 790 Musarum
528 727 724 806 cantantes,
746 717 779 790 et
795 724 876 789 inde
889 722 986 789 obliti
997 722 1112 791 cibum
1125 729 1271 810 potum>

189 851 255 914 quo
275 829 410 916 periere
430 829 570 911 leniter,
592 831 669 897 sine
689 833 821 912 dolore,
843 829 958 896 inscii.
982 832 1046 897 Sed
1072 849 1115 896 ex
1136 831 1264 899 iisdem

191 940 300 1003 Musa
321 935 462 1002 cicadas
492 955 671 1017 creauere,
699 957 778 1021 quae
808 954 947 1022 semper
974 940 1119 1003 cantant
1153 957 1268 1022 neque

196 1061 350 1125 unquam
369 1042 492 1108 bibunt
507 1046 568 1109 aut
586 1044 705 1123 edunt,
721 1045 888 1127 usquead
905 1048 1072 1108 mortem:
1091 1045 1275 1111 defunctae

191 1167 272 1214 vero
287 1149 332 1213 ad
353 1166 475 1214 novem
497 1151 638 1215 Sorores
660 1151 834 1216 accedunt
853 1153 887 1215 et
909 1150 1070 1216 absoluta
1095 1149 1271 1218 felicitate

189 1256 364 1321 fruuntur.
389 1259 472 1321 ltom
494 1255 524 1319 si
547 1254 624 1338 quis
645 1255 737 1322 inter
762 1257 928 1322 mortales
952 1254 1059 1321 vitam
1086 1275 1190 1323 suam
1215 1257 1265 1324 ita

188 1359 322 1443 regerit
341 1366 375 1427 et
395 1360 653 1447 consumpserit
667 1369 706 1429 ut
724 1360 799 1428 deis
824 1360 973 1427 similior
997 1361 1110 1428 tactus
1133 1363 1192 1442 sit,
1210 1362 1262 1429 illi

188 1469 309 1552 postea
328 1466 377 1531 dii
393 1466 458 1553 ipsi
487 1468 656 1551 mysteria
675 1467 832 1535 caelestia
848 1468 1008 1554 aperient
1026 1487 1117 1551 qua,
1141 1488 1270 1536 amore·
1342 1480 1347 1491 '

190 1572 444 1656 instinguente,
462 1573 537 1659 jam
560 1574 797 1658 praesagiebat
820 1581 854 1640 el
877 1577 1124 1660 praesumebat.
1151 1578 1264 1641 Tanta

189 1698 250 1764 spe
270 1698 457 1759 accensus,
475 1679 611 1746 sortiter
622 1679 795 1746 laborabit
809 1683 844 1746 et
856 1679 1058 1759 luctabitur,
1080 1680 1264 1764 quoniam,

187 1792 225 1851 ut
244 1785 455 1870 pulcerrime
474 1785 524 1851 ait
538 1789 711 1866 Socrates,
733 1785 890 1852 maxima
915 1786 1094 1853 affectanti
1116 1788 1171 1853 vel
1188 1807 1265 1854 ma-

187 1891 292 1957 ximae
317 1891 487 1965 molestiae
517 1897 552 1958 et
580 1891 792 1958 acerbitates
825 1895 907 1958 sunt
937 1893 1142 1959 tolerandae.
1172 1897 1260 1960 ltem

186 2017 269 2064 vero
279 1997 442 2084 juvenes,
457 1999 514 2082 qui
530 1998 622 2064 viros
642 1998 837 2065 dialecticae
852 1998 1086 2085 peritissimos
1103 2000 1262 2066 studiose

185 2104 342 2185 audient,
363 2104 457 2170 domi
480 2110 514 2171 et
533 2105 568 2170 in
589 2104 727 2190 publico
747 2107 1019 2173 assectabantur
1039 2108 1077 2172 ut
1103 2105 1263 2192 disputa·
1360 2130 1365 2140 ·

185 2210 297 2277 tiones
319 2231 439 2278 eorum
461 2217 496 2277 et
519 2210 753 2294 gravissimas
782 2211 976 2279 sententias
1002 2211 1143 2297 penitus
1165 2214 1266 2280 enci--

186 2317 294 2402 piant,
317 2319 410 2384 haud
435 2317 569 2384 minore
585 2318 741 2403 praemio,
763 2337 867 2402 quam
893 2319 984 2402 quod
1004 2317 1159 2404 antiquis
1181 2339 1264 2387 mu·-

185 2443 304 2490 sarum
335 2423 527 2491 cultoribus
555 2422 716 2506 contigit,
747 2427 826 2508 post
849 2427 997 2489 mortem
1019 2427 1257 2507 ornabuntur,

183 2533 217 2596 et
236 2528 330 2615 ipsos
351 2529 515 2614 Calliope,
539 2527 683 2609 Urania,
705 2528 823 2594 omnia
853 2529 999 2596 numina
1029 2550 1084 2596 res
1114 2531 1258 2596 divinas

184 2637 329 2703 tandum
349 2637 533 2703 docebunt.

184 2823 241 2875 Hoc
265 2822 377 2892 quidem
397 2821 535 2890 judicium
555 2821 686 2875 omnibus
712 2821 851 2877 uidebitur
874 2821 948 2876 haud
974 2839 1074 2892 magna
1102 2824 1166 2876 luce
1196 2841 1260 2878 rem

183 2904 332 2957 illustrare.
351 2933 380 2942 -
399 2902 440 2956 Cf.
462 2901 716 2971 ingeniosissimam
735 2901 867 2956 acutioris
882 2901 970 2956 critici
983 2904 1027 2972 (A.
1053 2903 1084 2956 B.
1107 2903 1253 2971 Kamous,

186 2984 274 3037 Ueber
297 2984 419 3037 Platona
443 2981 586 3050 Pbdclros,
613 2983 776 3051 Gottinpen
802 2981 892 3051 1848,
909 2999 971 3052 pag.
986 2982 1032 3050 95)
1051 2983 1264 3053 conjecturam:

185 3089 192 3109 ·
217 3064 294 3118 Plato
319 3065 445 3134 mythum
470 3063 627 3117 cicadarum
649 3063 743 3132 adjicit
762 3069 793 3117 ut
815 3063 941 3134 episodio
972 3064 1112 3134 legentem
1138 3073 1263 3120 recreet.

185 3166 194 3192 u
217 3145 284 3198 Vult
296 3144 382 3198 facete
402 3143 551 3198 Phaedrum
572 3143 702 3197 vellicare
725 3149 809 3214 prout
833 3143 991 3198 orationum
1015 3139 1256 3200 amantissimum:

184 3246 193 3274 l
216 3231 246 3278 ut
261 3224 336 3278 enim
356 3225 450 3278 cicada
465 3224 568 3291 cantui,
593 3223 633 3276 sic
653 3223 789 3277 Phaedrus
813 3223 986 3278 orationibus
1007 3223 1116 3279 deditus
1132 3231 1183 3279 est.
1201 3225 1256 3280 Sed

154 3324 157 3330 ·
183 3329 191 3352 l
216 3306 307 3375 majus
323 3304 389 3375 quid
402 3304 494 3358 adhuc
513 3304 640 3358 adoritur
653 3304 749 3358 Plato:
769 3311 910 3359 memento
934 3307 1009 3358 enim
1024 3304 1258 3375 Aristophanem,

183 3407 192 3434 t
216 3385 304 3456 quiin
317 3386 425 3439 Avibus
442 3387 479 3454 (v,
495 3383 551 3453 39),
567 3391 597 3439 ut
622 3384 809 3438 Athenienses
827 3385 954 3438 omnium
976 3385 1123 3440 hominum
1143 3385 1178 3440 ad
1193 3386 1257 3441 lites

183 3488 191 3515 l
215 3466 440 3536 promptissimos
455 3465 589 3533 derideat,
606 3482 654 3518 eos
669 3467 713 3518 vel
726 3464 828 3518 cicadis
843 3465 1020 3536 loquaciores
1035 3483 1097 3520 esse
1113 3465 1180 3520 dicit
1200 3468 1256 3536 (Cf,

182 3568 191 3595 u
214 3547 281 3614 Pax,
303 3565 329 3599 v.
354 3546 416 3613 497,
434 3545 504 3599 οὐδὲν
523 3545 570 3616 γὰρ
585 3545 649 3598 ἄλλο
668 3547 741 3615 δρᾶτε
757 3543 822 3610 πλὴν
838 3544 968 3614 δικάζετε).
993 3545 1036 3599 Ad
1059 3545 1087 3599 id
1110 3545 1159 3600 sed
1179 3547 1260 3601 enini

181 3649 191 3675 l
213 3628 291 3681 Plato
306 3627 413 3680 alludit.
431 3657 464 3665 -
480 3626 626 3679 Vielmehr
650 3626 744 3679 wollte
766 3643 797 3679 er
816 3625 1022 3696 unzweideutig
1041 3626 1096 3680 den
1119 3627 1257 3682 Phaedros

180 3729 190 3754 «
212 3708 254 3761 als
269 3707 324 3761 den
338 3707 579 3777 Repnisentanten
600 3705 693 3759 seiner
708 3706 898 3775 redelustigen
916 3706 1114 3776 Zeilgenossen
1128 3708 1255 3762 ansehen

180 3808 190 3836 «
213 3787 271 3842 und
286 3788 363 3842 diese
378 3787 407 3840 in
423 3787 480 3840 ihm
494 3786 695 3840 durchziehen.
715 3808 725 3836 l
744 3786 927 3850 —Quamvis
951 3787 1141 3857 interpretatio
1166 3788 1259 3843 urba-

176 3868 293 3923 nissime
307 3869 342 3922 sit
357 3875 384 3922 et
398 3868 476 3938 quasi
500 3868 557 3921 sale
573 3867 662 3920 Attico
679 3867 771 3936 plena,
786 3867 880 3935 aliam,
903 3883 997 3936 spero,
1019 3867 1087 3921 mihi
1108 3867 1204 3922 licebit
1228 3866 1260 3922 el'

176 3949 307 4018 praeferre
322 3956 349 4003 et
363 3948 489 4019 proferre
