2782 4734
644 581 821 648 ..36-

250 745 293 808 nt
308 745 467 809 Socrates
490 743 634 810 minime
658 743 769 810 credit
788 741 999 810 rhetoricam
1019 724 1107 810 artis
1127 763 1276 812 nomme

204 868 283 915 esse
316 849 473 931 dignam.
501 876 513 908 l
544 851 718 926 Quosdam
747 849 840 916 enirn
868 849 991 917 audire
1015 854 1110 917 est...
1138 855 1277 919 testan-

207 982 219 1014 d
248 962 301 1022 tes
318 974 396 1022 eam
417 955 557 1022 mentiri
581 965 693 1041 n'eque
708 975 786 1023 esse
810 961 935 1037 artem,
957 957 1019 1024 sed
1037 955 1125 1024 artis
1146 976 1276 1043 exper-

207 1089 219 1122 l
249 1068 317 1128 tem
332 1063 619 1130 exercitationem
632 1063 845 1150 (ill'ttzepm
858 1070 962 1150 τριὸή).
977 1061 1118 1131 Dicendi
1134 1067 1273 1143 autern,

207 1169 294 1235 «ait
329 1172 430 1250 Laco,
470 1189 567 1236 mera
593 1189 652 1236 ars
678 1169 747 1236 nisi
790 1189 870 1237 cum
900 1169 1046 1238 veritate
1078 1168 1276 1255 conJ'uncta

206 1303 218 1336 r
249 1295 359 1360 ireque
383 1284 437 1342 est
456 1295 568 1360 neque
584 1296 738 1361 unquam
758 1276 825 1345 erit
839 1279 899 1364 (l).
922 1303 934 1336 a
960 1275 1088 1343 Laconi
1108 1279 1274 1343 Socrates

202 1402 288 1449 sane
308 1382 511 1449 assentitur.
534 1385 598 1449 Sed
619 1383 654 1449 id
672 1383 708 1448 in
725 1399 881 1469 praesens
901 1383 960 1448 vix
979 1382 1123 1463 indicat,
1139 1380 1274 1449 nedum

202 1493 320 1575 aperte
340 1491 506 1556 declaret.
529 1489 600 1556 Sibi
619 1499 736 1558 autem
758 1510 900 1575 suaeque
920 1494 1086 1557 constans
1106 1491 1275 1557 methodo

203 1617 240 1663 se
271 1616 388 1664 rerum
412 1599 578 1679 ignarum
611 1617 689 1664 esse
717 1598 832 1681 fingit.
863 1597 1021 1665 Primum
1045 1596 1273 1664 adversarios

202 1722 263 1788 per
290 1703 382 1768 viam
406 1704 449 1769 ab
475 1703 518 1769 ils
549 1706 696 1771 electam
726 1703 886 1770 comitari
905 1708 966 1771 aut
994 1703 1091 1787 sequi
1117 1702 1271 1783 videtur,

202 1810 327 1876 deinde
352 1810 521 1895 paulatim
560 1814 692 1877 mutato
732 1810 857 1876 itinere
891 1812 934 1876 ad
976 1829 1099 1875 novam
1138 1814 1273 1877 metam

202 1917 332 1983 inscios
360 1921 395 1982 et
422 1916 549 1983 invitos
584 1929 702 1984 secum
733 1917 887 1985 adducit.
922 1916 1101 2002 Sophistas
1132 1922 1288 1990 errare.

203 2022 354 2103 mentiri,
385 2023 462 2107 quis
493 2023 559 2090 scit
585 2044 625 2089 co
657 2024 807 2091 meliust
828 2028 878 2090 En
907 2029 1024 2090 tamen
1051 2026 1211 2107 acceptat
1236 2032 1274 2089 et

203 2128 327 2214 arripit
355 2148 528 2196 errrorem
558 2150 600 2196 ac
633 2131 874 2198 mendacium:
910 2129 992 2194 inde
1029 2127 1159 2194 veritas
1190 2127 1271 2213 ipsa

203 2235 345 2303 orietur.

248 2343 469 2410 lthetoricam
486 2344 595 2427 igitur
616 2347 774 2412 Socrates
794 2363 872 2410 esse
883 2341 1015 2427 aliquid
1029 2349 1062 2408 et
1077 2361 1185 2424 agere
1200 2361 1272 2408 non

204 2455 312 2533 negat
332 2450 506 2535 etiamque
526 2457 639 2518 artem
667 2449 899 2536 persuadendi
928 2450 1076 2515 libenter
1101 2450 1269 2534 appellat.

205 2560 269 2622 Sed
296 2576 376 2622 mox
397 2559 583 2625 Phaedrum
606 2558 759 2643 impellet
779 2562 817 2623 ut
841 2577 861 2622 a
884 2555 1049 2642 sophistis
1079 2553 1270 2636 desciscat,

204 2667 247 2730 ad
269 2685 306 2731 so
326 2664 483 2733 inclinet.
510 2668 627 2751 Nuper
650 2663 789 2747 quidem
810 2665 980 2730 Phaedrus
1006 2661 1096 2728 dixit
1123 2662 1272 2728 rhetori-

96 2765 99 2770 ’
206 2793 282 2838 carn
304 2772 338 2838 in
350 2772 494 2857 judiciis
516 2778 652 2838 tantum
672 2776 706 2836 et
725 2769 944 2837 contionibus
972 2768 1118 2835 versari.
1141 2772 1270 2849 -nt,

206 2878 367 2961 (proniani
393 2877 565 2943 rhetorica
589 2882 641 2943 est
666 2895 724 2942 ars
749 2876 1009 2943 contradicendi
1026 2877 1056 2956 tr,
1078 2876 1270 2959 ivampab,

206 2985 428 3052 manitesturn
450 2988 504 3050 est
522 2988 634 3050 artem
654 2986 746 3051 hauc
766 2984 801 3049 in
832 2983 995 3050 omnibus
1020 2983 1101 3049 vitae
1117 2981 1272 3064 negotiis

206 3092 373 3158 adhiberi.
396 3095 530 3172 Nonne,
554 3096 592 3157 ut
606 3094 805 3176 exemplum
822 3095 1022 3176 usurpetur,
1045 3089 1272 3155 Palamedem

207 3199 410 3276 Eleaticum,
429 3199 503 3265 sive
518 3203 704 3278 Zenonem,
730 3223 742 3256 l
773 3202 870 3263 tanta
889 3197 1064 3264 dicentem
1084 3200 1160 3262 arte
1175 3195 1273 3260 novi-

208 3519 217 3545 t
240 3495 329 3550 c'etait
351 3497 375 3550 la
394 3496 520 3566 pratique
540 3489 629 3548 'livree
650 3496 666 3547 a
684 3495 851 3561 elle-meme,
873 3499 900 3546 et
923 3493 1046 3546 ecartant
1066 3496 1141 3544 toute
1162 3489 1272 3543 the'orie

207 3599 217 3626 t
240 3593 348 3630 commo
363 3577 442 3630 vaine
456 3583 482 3629 et
497 3576 603 3644 inutile,
620 3575 710 3629 c'etait
724 3575 786 3628 l’art
803 3573 949 3626 corrsidere
969 3587 1077 3624 comme
1096 3571 1171 3623 etant
1184 3570 1200 3622 h
1214 3570 1272 3624 lui-

207 3678 217 3706 t
240 3661 330 3711 meme
344 3674 395 3710 son
409 3673 509 3726 moyen
524 3663 551 3709 et
565 3673 595 3709 sa
610 3657 681 3708 lin...
699 3655 768 3708 Mais
789 3653 805 3706 il
820 3671 836 3722 y
851 3669 867 3705 a
881 3652 956 3722 plus:
974 3649 1274 3705 non-seulementl’art

206 3758 218 3789 (r
239 3755 274 3791 ne
291 3745 355 3809 peut
370 3742 427 3792 dtre
442 3739 457 3790 a
473 3737 615 3791 lui-meme
635 3753 665 3790 sa
688 3737 737 3803 tin,
762 3734 831 3788 mais
851 3733 869 3786 il
894 3749 928 3786 ne
948 3738 1014 3802 pout
1037 3733 1126 3785 naitre
1149 3728 1187 3782 du
1210 3732 1273 3784 seul

207 3842 216 3868 r
239 3820 362 3873 exercice
377 3826 404 3872 et
418 3819 452 3872 de
466 3820 491 3871 la
506 3818 583 3871 seule
600 3817 733 3887 pratique.
751 3815 778 3870 Si
794 3816 855 3868 l'art
869 3830 940 3885 pour
956 3814 1016 3866 l’art
1040 3817 1081 3865 est
1099 3810 1271 3878 dangereur.

207 3923 216 3948 r
240 3902 300 3953 l'art
314 3917 385 3970 pern·
400 3901 461 3952 l'art
476 3905 518 3952 est
533 3897 716 3968 impossible..
734 3916 746 3949 u

240 3982 263 4046 tl
272 3996 277 4042 t
302 3983 428 4048 rhama,
445 3981 497 4033 aod
511 3980 542 4032 E.
