2782 4734
634 554 810 618 ..48-

233 711 297 790 oui
317 711 538 793 dialecticuS,
555 715 691 792 doctus,
714 711 952 799 psychologiae
978 711 1125 798 perituS,
1161 713 1256 780 idem

189 821 256 887 erit
274 822 384 887 honos
415 819 622 904 subtilisque
650 820 863 906 ar·tifex(l):
900 839 981 886 nam
1015 839 1096 887 eum
1127 825 1259 888 natura

189 930 264 993 arte
287 929 373 993 bene
393 926 531 993 dicendi
548 947 620 1022 non.
632 946 759 994 ornare
773 945 842 993 non
859 925 980 1012 potuit.
1003 926 1092 1003 Quid
1110 947 1194 994 vero
1211 928 1259 995 sit
1328 980 1339 1002 .

190 1033 373 1118 ingenium
406 1032 506 1114 illud,
542 1054 610 1100 non
650 1032 911 1101 exercitationis
932 1034 1080 1115 fructus,
1116 1040 1258 1102 naturae

116 1164 118 1168 ’
189 1146 312 1208 eontra
337 1127 532 1224 gratuitum
560 1143 704 1222 donum,
731 1159 811 1208 curn
844 1139 880 1206 in
913 1141 1064 1206 Phaedro
1094 1144 1257 1210 Socrates

190 1267 258 1314 non
278 1250 381 1333 plane
401 1246 543 1328 indicet,
561 1267 629 1314 non
650 1249 856 1327 absurdum,
878 1265 993 1333 spem,
1015 1247 1203 1329 videbitur,
1228 1249 1259 1315 si

190 1355 225 1421 id
245 1373 323 1421 cum
340 1353 463 1420 delirio
484 1360 602 1421 ratum
624 1373 805 1422 sacrorum
825 1373 1087 1440 comparavere,
1102 1359 1136 1422 et
1149 1355 1259 1423 etiam

191 1478 429 1528 memoravero
452 1463 506 1526 vel
525 1460 715 1527 deliniendi
742 1464 866 1541 artem,
887 1480 965 1545 quae
998 1465 1052 1527 est
1078 1463 1260 1549 praecipua

191 1587 273 1654 pars
292 1566 501 1642 orationum,
524 1571 699 1634 aSocrate
718 1569 763 1634 ad
784 1566 942 1648 numina,
972 1569 1152 1654 Nymphas
1192 1571 1259 1636 sci-

192 1675 322 1741 licetet
341 1678 439 1740 Pana
471 1674 636 1741 Mercurii
669 1672 794 1754 lilium,
826 1675 1080 1757 quodammodo
1112 1676 1257 1758 referri,

192 1787 359 1865 tanquam
376 1780 580 1863 significare
600 1780 685 1847 velit
705 1785 867 1847 naturam
888 1783 997 1847 multo
1016 1781 1152 1849 artibus
1185 1803 1259 1849 ma-

188 1888 302 1973 jorem
318 1895 352 1954 et
362 1887 542 1953 meliorem
562 1906 640 1953 esse
655 1888 715 1971 (⁴2).
747 1890 791 1952 At
818 1904 933 1952 nonne
961 1887 1119 1972 poeticus
1146 1889 1257 1969 furor,

192 1994 283 2060 sieut
315 1993 577 2080 philosophicus
624 1995 837 2073 intellectus
879 2013 922 2059 ex
961 2013 1080 2061 amore
1118 1995 1260 2063 oriturl

193 2105 299 2168 Poeta
329 2100 615 2187 pulcritudinem,
643 2099 870 2186 philosophus
893 2104 1075 2167 veritatem
1101 2107 1198 2168 amat
1226 2110 1260 2170 et

193 2207 370 2292 sequitur:
397 2215 515 2272 orator
543 2208 711 2290 ambobus
742 2208 893 2286 studeat,
921 2225 1000 2272 nam
1022 2208 1259 2292 eloquentiam

193 2334 336 2381 necesse
348 2312 576 2380 estomuihus
588 2312 702 2399 poesis
715 2318 749 2379 et
763 2312 993 2398 philosophiae
1005 2313 1144 2381 dotibus
1160 2313 1261 2383 deco-

196 2422 266 2487 rari
280 2431 313 2487 et
332 2441 410 2487 esse
430 2420 626 2506 praeditam.
843 2434 845 2437 ·

239 2527 425 2595 Rhetorica
446 2526 555 2610 igitur
582 2532 635 2592 est
663 2536 724 2593 aut
757 2546 836 2594 esse
866 2529 991 2594 debeat
1022 2547 1080 2593 ars
1109 2530 1261 2596 docendi

197 2842 208 2875 q
233 2821 346 2874 meratio
363 2819 478 2889 triplicis
501 2819 676 2888 cognitioniS,
694 2836 748 2889 qua
773 2837 829 2872 uon
854 2837 1047 2890 carereposse
1071 2823 1261 2892 eloquentiam

197 2927 207 2952 ll
231 2901 422 2956 sublimiorem
438 2902 505 2954 artis
516 2902 628 2954 nornine
643 2901 753 2969 dignam
765 2901 988 2954 demonstratum
1003 2909 1054 2970 est,
1064 2905 1263 2974 metaphysica

201 3007 209 3032 l
235 2984 258 3051 (o
274 2982 316 3048 τὴν
333 2979 448 3048 ἀλήθειαν
465 2979 557 3050 εἱδώςὶ,
574 2982 775 3051 psychologiczn
792 2979 843 3048 (Ξὶν
867 2983 900 3051 μή
921 3002 955 3040 τις
975 2989 1024 3034 τῶν
1044 3001 1070 3034 τε
1085 2978 1261 3055 ἀκουσομένων

198 3092 205 3112 ι
230 3063 582 3134 τὰςφύσειςδιαριῦμήσεταιι,
599 3063 695 3130 logica·
711 3062 760 3129 (καὶ
780 3081 825 3113 κατ
854 3061 913 3129 ἐἴδη
934 3064 1077 3134 διαιρεῖσθαι
1093 3063 1123 3115 τὰ
1138 3062 1198 3117 ὄντα
1222 3068 1263 3118 καὶ

198 3168 207 3194 l
231 3151 274 3215 μιᾷ
301 3142 353 3213 ἰδέᾳ
374 3142 474 3201 δυνατὸς
497 3134 511 3214 ἦ
536 3143 594 3194 καθ’
616 3146 639 3195 ἓν
660 3145 760 3194 ἕκαστον
784 3143 974 3213 septicipitem
989 3166 1020 3196 .›1
1040 3175 1073 3182 -
1093 3144 1126 3198 G.
1149 3145 1262 3214 GROTE,

195 3228 281 3279 Plato
297 3230 350 3277 nat
368 3226 414 3276 the
431 3225 521 3276 other.
540 3224 599 3290 .,11,
613 3223 744 3293 papula,
757 3222 819 3289 248,
831 3223 893 3291 258,
906 3224 992 3276 eredit
1006 3225 1174 3278 rhetoricam
1190 3227 1264 3280 hanc

198 3307 284 3374 magis
298 3304 422 3358 Platonis
438 3321 521 3373 quam
537 3304 659 3357 Socratis
675 3319 737 3356 esse
754 3306 777 3371 (l
793 3303 839 3356 the
853 3305 949 3374 theory
965 3304 996 3357 of
1019 3305 1140 3358 rhetoric
1163 3312 1209 3360 too
1240 3309 1263 3360 is

200 3411 208 3436 l
232 3388 273 3439 sar
289 3402 366 3438 more
380 3384 507 3438 Platonie
521 3385 587 3437 than
600 3384 725 3437 Sokratic
742 3386 765 3451 l)
778 3391 804 3436 et
814 3384 886 3437 vires
902 3385 1101 3455 facultatesque
1124 3386 1264 3442 humanas

197 3469 278 3533 louge
293 3464 426 3519 excedere
443 3467 465 3533 (l
485 3464 504 3517 it
519 3465 542 3517 is
555 3464 654 3517 indeed
670 3481 705 3517 an
720 3464 809 3530 trient,
826 3470 872 3516 not
892 3466 995 3535 merely
1018 3465 1208 3520 unatlainahle
1228 3468 1264 3538 hy

200 3570 210 3597 «
234 3563 333 3600 reason
349 3546 380 3598 of
391 3546 426 3598 ils
447 3545 617 3613 magnitude,
633 3545 681 3598 hut
697 3545 756 3597 also
777 3544 919 3612 including
941 3545 1146 3615 impracticahle
1170 3547 1266 3601 condi-

201 3650 210 3678 «
233 3629 339 3680 tione...
360 3627 395 3693 n).
412 3627 452 3679 De
467 3627 519 3679 hoc
535 3625 607 3692 vide,
624 3642 728 3695 quaeso,
746 3641 807 3694 quae
822 3623 896 3679 insra
908 3627 973 3680 dixi.

235 3709 272 3776 til
286 3707 416 3774 Pharo,
430 3706 480 3758 277
497 3708 531 3777 (1.Ι

236 3789 275 3850 l‘ll
291 3788 421 3855 Phaedr,
435 3787 488 3840 263
502 3787 535 3854 Ι),
551 3787 583 3839 Ε.
609 3807 619 3835 r
641 3787 700 3841 (heo.
719 3784 771 3857 ὅσῳ
790 3787 867 3856 λέγεις
891 3786 1069 3860 τεχνικωτέροις
1090 3789 1199 3860 Νύμφας
1222 3784 1266 3849 τὶς

288 3870 375 3941 ,ελῴου
391 3874 430 3922 καὶ
448 3869 524 3922 ilina
548 3868 588 3920 :ll
616 3869 711 3939 Ἑρμοῦ
732 3867 828 3920 ,haclea
852 3875 894 3921 τοῦ
912 3869 1030 3940 lisqi‘nio
1056 3869 1115 3942 πρῦς
1130 3869 1231 3942 λόγως.
1252 3892 1263 3921 a

201 3872 387 4017 initian,
404 3949 455 4002 nco
471 3950 501 4003 n.
