<?xml version="1.0" encoding="UTF-8"?>
<!DOCTYPE html PUBLIC "-//W3C//DTD XHTML 1.0 Transitional//EN"
    "http://www.w3.org/TR/xhtml1/DTD/xhtml1-transitional.dtd">
<html xmlns="http://www.w3.org/1999/xhtml" xml:lang="en" lang="en">
 <head>
  <title>
</title>
<meta http-equiv="Content-Type" content="text/html;charset=utf-8" />
  <meta name='ocr-system' content='tesseract 3.04.00' />
  <meta name='ocr-capabilities' content='ocr_page ocr_carea ocr_par ocr_line ocrx_word'/>
</head>
<body>
  <div class='ocr_page' id='page_1' title='image "./deplatonisphdro00lemegoog_0071.png"; bbox 0 0 2782 4734; ppageno 0'>
   <div class='ocr_carea' id='block_1_1' title="bbox 599 559 776 626">
    <p class='ocr_par' dir='ltr' id='par_1_1' title="bbox 599 559 776 626">
     <span class='ocr_line' id='line_1_1' title="bbox 599 559 776 626; baseline 0 -20"><span class='ocrx_word' id='word_1_1' title='bbox 599 597 643 606; x_wconf 90' lang='grc'><strong>...</strong></span> <span class='ocrx_word' id='word_1_2' title='bbox 666 559 776 626; x_wconf 12' lang='lat'><strong>62¹...</strong></span> 
     </span>
    </p>
   </div>
   <div class='ocr_carea' id='block_1_2' title="bbox 154 716 1225 3350">
    <p class='ocr_par' dir='ltr' id='par_1_2' title="bbox 154 716 1224 1335">
     <span class='ocr_line' id='line_1_2' title="bbox 155 716 1222 804; baseline -0.002 -17"><span class='ocrx_word' id='word_1_3' title='bbox 155 718 290 787; x_wconf 78' lang='lat' dir='ltr'>dederit</span> <span class='ocrx_word' id='word_1_4' title='bbox 309 722 343 787; x_wconf 90' lang='lat' dir='ltr'><strong>et</strong></span> <span class='ocrx_word' id='word_1_5' title='bbox 362 738 441 786; x_wconf 92' lang='lat' dir='ltr'><strong>eum</strong></span> <span class='ocrx_word' id='word_1_6' title='bbox 461 718 563 804; x_wconf 89' lang='lat' dir='ltr'><strong>quasi</strong></span> <span class='ocrx_word' id='word_1_7' title='bbox 583 718 710 786; x_wconf 88' lang='lat' dir='ltr'><strong>iterum</strong></span> <span class='ocrx_word' id='word_1_8' title='bbox 726 716 920 786; x_wconf 90' lang='lat' dir='ltr'><strong>creaverit:</strong></span> <span class='ocrx_word' id='word_1_9' title='bbox 951 746 961 777; x_wconf 83' lang='lat'><strong>‹</strong></span> <span class='ocrx_word' id='word_1_10' title='bbox 987 721 1080 801; x_wconf 79' lang='lat' dir='ltr'><strong>Ergo</strong></span> <span class='ocrx_word' id='word_1_11' title='bbox 1110 717 1141 784; x_wconf 92' lang='lat' dir='ltr'><strong>si</strong></span> <span class='ocrx_word' id='word_1_12' title='bbox 1178 721 1222 785; x_wconf 92' lang='lat' dir='ltr'><strong>ad</strong></span> 
     </span>
     <span class='ocr_line' id='line_1_3' title="bbox 159 823 1223 912; baseline 0.001 -23"><span class='ocrx_word' id='word_1_13' title='bbox 159 860 169 889; x_wconf 67' lang='grc' dir='ltr'>ι</span> <span class='ocrx_word' id='word_1_14' title='bbox 199 831 291 894; x_wconf 92' lang='lat' dir='ltr'><strong>recte</strong></span> <span class='ocrx_word' id='word_1_15' title='bbox 306 826 504 893; x_wconf 81' lang='lat' dir='ltr'><strong>ordinatam</strong></span> <span class='ocrx_word' id='word_1_16' title='bbox 520 826 626 892; x_wconf 84' lang='lat' dir='ltr'><strong>vitam</strong></span> <span class='ocrx_word' id='word_1_17' title='bbox 649 829 683 893; x_wconf 93' lang='lat' dir='ltr'><strong>et</strong></span> <span class='ocrx_word' id='word_1_18' title='bbox 702 823 958 912; x_wconf 83' lang='lat' dir='ltr'>philosophiam</span> <span class='ocrx_word' id='word_1_19' title='bbox 991 843 1073 910; x_wconf 93' lang='lat' dir='ltr'><strong>pars</strong></span> <span class='ocrx_word' id='word_1_20' title='bbox 1111 825 1223 892; x_wconf 89' lang='lat' dir='ltr'><strong>animi</strong></span> 
     </span>
     <span class='ocr_line' id='line_1_4' title="bbox 154 930 1223 1017; baseline -0.002 -18"><span class='ocrx_word' id='word_1_21' title='bbox 154 960 169 1017; x_wconf 76' lang='lat'><strong>.‘</strong></span> <span class='ocrx_word' id='word_1_22' title='bbox 198 932 322 1001; x_wconf 90' lang='lat' dir='ltr'><strong>melior</strong></span> <span class='ocrx_word' id='word_1_23' title='bbox 341 930 468 1000; x_wconf 82' lang='lat' dir='ltr'><strong>victrix</strong></span> <span class='ocrx_word' id='word_1_24' title='bbox 488 933 666 1015; x_wconf 70' lang='lat' dir='ltr'>redegerit</span> <span class='ocrx_word' id='word_1_25' title='bbox 685 930 884 1016; x_wconf 77' lang='lat' dir='ltr'><strong>(amantes),</strong></span> <span class='ocrx_word' id='word_1_26' title='bbox 906 934 1042 998; x_wconf 82' lang='lat' dir='ltr'><strong>beatam</strong></span> <span class='ocrx_word' id='word_1_27' title='bbox 1079 935 1115 998; x_wconf 90' lang='lat' dir='ltr'><strong>et</strong></span> <span class='ocrx_word' id='word_1_28' title='bbox 1142 951 1223 998; x_wconf 91' lang='lat' dir='ltr'><strong>con·</strong></span> 
     </span>
     <span class='ocr_line' id='line_1_5' title="bbox 159 1037 1224 1124; baseline 0.001 -22"><span class='ocrx_word' id='word_1_29' title='bbox 159 1041 337 1106; x_wconf 72' lang='lat' dir='ltr'><strong>«cordam</strong></span> <span class='ocrx_word' id='word_1_30' title='bbox 358 1042 471 1122; x_wconf 78' lang='lat' dir='ltr'><strong>agunt</strong></span> <span class='ocrx_word' id='word_1_31' title='bbox 495 1042 697 1105; x_wconf 81' lang='lat' dir='ltr'><strong>terrestrem</strong></span> <span class='ocrx_word' id='word_1_32' title='bbox 728 1037 849 1118; x_wconf 85' lang='lat' dir='ltr'><strong>vitam,</strong></span> <span class='ocrx_word' id='word_1_33' title='bbox 885 1043 1061 1124; x_wconf 92' lang='lat' dir='ltr'><strong>compotes</strong></span> <span class='ocrx_word' id='word_1_34' title='bbox 1101 1038 1156 1104; x_wconf 91' lang='lat' dir='ltr'><strong>sui</strong></span> <span class='ocrx_word' id='word_1_35' title='bbox 1189 1044 1224 1105; x_wconf 89' lang='lat' dir='ltr'><strong>et</strong></span> 
     </span>
     <span class='ocr_line' id='line_1_6' title="bbox 159 1142 1221 1230; baseline -0.002 -18"><span class='ocrx_word' id='word_1_36' title='bbox 159 1173 170 1205; x_wconf 65' lang='lat' dir='ltr'><strong><em>a</em></strong></span> <span class='ocrx_word' id='word_1_37' title='bbox 199 1145 381 1226; x_wconf 84' lang='lat' dir='ltr'><strong>moderati,</strong></span> <span class='ocrx_word' id='word_1_38' title='bbox 399 1144 481 1229; x_wconf 93' lang='lat' dir='ltr'><strong>quia</strong></span> <span class='ocrx_word' id='word_1_39' title='bbox 497 1144 723 1230; x_wconf 89' lang='lat' dir='ltr'><strong>subjecerunt</strong></span> <span class='ocrx_word' id='word_1_40' title='bbox 739 1143 901 1210; x_wconf 84' lang='lat' dir='ltr'><strong>vitiosam</strong></span> <span class='ocrx_word' id='word_1_41' title='bbox 926 1142 1035 1211; x_wconf 92' lang='lat' dir='ltr'><strong>animi</strong></span> <span class='ocrx_word' id='word_1_42' title='bbox 1071 1148 1221 1230; x_wconf 90' lang='lat' dir='ltr'><strong>partem,</strong></span> 
     </span>
     <span class='ocr_line' id='line_1_7' title="bbox 159 1248 1220 1335; baseline -0.001 -23"><span class='ocrx_word' id='word_1_43' title='bbox 159 1282 169 1312; x_wconf 62' lang='lat' dir='ltr'><strong>t</strong></span> <span class='ocrx_word' id='word_1_44' title='bbox 199 1255 320 1319; x_wconf 89' lang='lat' dir='ltr'><strong>contra</strong></span> <span class='ocrx_word' id='word_1_45' title='bbox 333 1250 572 1317; x_wconf 90' lang='lat' dir='ltr'><strong>liberaverunt</strong></span> <span class='ocrx_word' id='word_1_46' title='bbox 592 1252 718 1316; x_wconf 88' lang='lat' dir='ltr'><strong>bonam</strong></span> <span class='ocrx_word' id='word_1_47' title='bbox 732 1255 763 1316; x_wconf 90' lang='lat' dir='ltr'><strong>et</strong></span> <span class='ocrx_word' id='word_1_48' title='bbox 788 1248 914 1316; x_wconf 70' lang='lat' dir='ltr'><strong>uirtute</strong></span> <span class='ocrx_word' id='word_1_49' title='bbox 934 1249 1189 1335; x_wconf 77' lang='lat' dir='ltr'><strong>praeditamtl).</strong></span> <span class='ocrx_word' id='word_1_50' title='bbox 1210 1281 1220 1311; x_wconf 66' lang='grc' dir='ltr'>ι</span> 
     </span>
    </p>

    <p class='ocr_par' dir='ltr' id='par_1_3' title="bbox 155 1355 1225 2724">
     <span class='ocr_line' id='line_1_8' title="bbox 200 1355 1224 1443; baseline 0.001 -21"><span class='ocrx_word' id='word_1_51' title='bbox 200 1359 299 1425; x_wconf 90' lang='lat' dir='ltr'><strong>Plato</strong></span> <span class='ocrx_word' id='word_1_52' title='bbox 314 1357 424 1440; x_wconf 82' lang='lat' dir='ltr'><strong>igitur</strong></span> <span class='ocrx_word' id='word_1_53' title='bbox 442 1357 478 1422; x_wconf 92' lang='lat' dir='ltr'><strong>in</strong></span> <span class='ocrx_word' id='word_1_54' title='bbox 495 1358 644 1422; x_wconf 75' lang='lat' dir='ltr'><strong>Plroedro</strong></span> <span class='ocrx_word' id='word_1_55' title='bbox 666 1356 733 1423; x_wconf 87' lang='lat' dir='ltr'>sibi</span> <span class='ocrx_word' id='word_1_56' title='bbox 752 1355 931 1443; x_wconf 82' lang='lat' dir='ltr'><strong>proposuit</strong></span> <span class='ocrx_word' id='word_1_57' title='bbox 951 1356 1089 1442; x_wconf 91' lang='lat' dir='ltr'><strong>aperire</strong></span> <span class='ocrx_word' id='word_1_58' title='bbox 1119 1357 1224 1423; x_wconf 89' lang='lat' dir='ltr'><strong>ratio-</strong></span> 
     </span>
     <span class='ocr_line' id='line_1_9' title="bbox 157 1463 1221 1549; baseline 0 -18"><span class='ocrx_word' id='word_1_59' title='bbox 157 1483 236 1531; x_wconf 91' lang='lat' dir='ltr'><strong>nem</strong></span> <span class='ocrx_word' id='word_1_60' title='bbox 246 1463 459 1532; x_wconf 84' lang='lat' dir='ltr'><strong>informandi</strong></span> <span class='ocrx_word' id='word_1_61' title='bbox 471 1482 539 1530; x_wconf 91' lang='lat' dir='ltr'><strong>non</strong></span> <span class='ocrx_word' id='word_1_62' title='bbox 548 1464 727 1549; x_wconf 89' lang='lat' dir='ltr'><strong>politicum</strong></span> <span class='ocrx_word' id='word_1_63' title='bbox 739 1465 926 1544; x_wconf 90' lang='lat' dir='ltr'><strong>oratorem,</strong></span> <span class='ocrx_word' id='word_1_64' title='bbox 941 1483 1009 1530; x_wconf 94' lang='lat' dir='ltr'><strong>non</strong></span> <span class='ocrx_word' id='word_1_65' title='bbox 1020 1469 1221 1549; x_wconf 88' lang='lat' dir='ltr'><strong>patronum,</strong></span> 
     </span>
     <span class='ocr_line' id='line_1_10' title="bbox 157 1568 1223 1657; baseline -0.001 -20"><span class='ocrx_word' id='word_1_66' title='bbox 157 1591 225 1639; x_wconf 91' lang='lat' dir='ltr'><strong>non</strong></span> <span class='ocrx_word' id='word_1_67' title='bbox 246 1574 430 1655; x_wconf 81' lang='lat' dir='ltr'><strong>vulgarem</strong></span> <span class='ocrx_word' id='word_1_68' title='bbox 454 1572 700 1657; x_wconf 81' lang='lat' dir='ltr'><strong>professorem,</strong></span> <span class='ocrx_word' id='word_1_69' title='bbox 727 1572 788 1637; x_wconf 94' lang='lat' dir='ltr'><strong>sed</strong></span> <span class='ocrx_word' id='word_1_70' title='bbox 818 1568 1000 1656; x_wconf 89' lang='lat' dir='ltr'><strong>sapientiae</strong></span> <span class='ocrx_word' id='word_1_71' title='bbox 1028 1574 1223 1638; x_wconf 84' lang='lat' dir='ltr'><strong>amatorem</strong></span> 
     </span>
     <span class='ocr_line' id='line_1_11' title="bbox 156 1676 1224 1764; baseline 0 -19"><span class='ocrx_word' id='word_1_72' title='bbox 156 1678 213 1763; x_wconf 89' lang='lat' dir='ltr'><strong>qui</strong></span> <span class='ocrx_word' id='word_1_73' title='bbox 224 1677 410 1745; x_wconf 89' lang='lat' dir='ltr'><strong>dialectica</strong></span> <span class='ocrx_word' id='word_1_74' title='bbox 425 1680 513 1745; x_wconf 86' lang='lat' dir='ltr'><strong>duce</strong></span> <span class='ocrx_word' id='word_1_75' title='bbox 533 1682 567 1744; x_wconf 87' lang='lat' dir='ltr'><strong>et</strong></span> <span class='ocrx_word' id='word_1_76' title='bbox 591 1676 763 1763; x_wconf 84' lang='lat' dir='ltr'><strong>adjutrice</strong></span> <span class='ocrx_word' id='word_1_77' title='bbox 791 1676 981 1762; x_wconf 85' lang='lat' dir='ltr'><strong>juvenibus</strong></span> <span class='ocrx_word' id='word_1_78' title='bbox 1010 1679 1054 1743; x_wconf 90' lang='lat' dir='ltr'><strong>ad</strong></span> <span class='ocrx_word' id='word_1_79' title='bbox 1089 1677 1224 1764; x_wconf 90' lang='lat' dir='ltr'><strong>sapien·</strong></span> 
     </span>
     <span class='ocr_line' id='line_1_12' title="bbox 155 1783 1225 1868; baseline -0.002 -15"><span class='ocrx_word' id='word_1_80' title='bbox 155 1786 239 1853; x_wconf 90' lang='lat' dir='ltr'><strong>tiam</strong></span> <span class='ocrx_word' id='word_1_81' title='bbox 261 1785 394 1852; x_wconf 88' lang='lat' dir='ltr'><strong>aditum</strong></span> <span class='ocrx_word' id='word_1_82' title='bbox 411 1784 526 1852; x_wconf 86' lang='lat' dir='ltr'><strong>faciat.</strong></span> <span class='ocrx_word' id='word_1_83' title='bbox 550 1788 642 1868; x_wconf 80' lang='lat' dir='ltr'><strong>Ergo</strong></span> <span class='ocrx_word' id='word_1_84' title='bbox 662 1783 835 1850; x_wconf 89' lang='lat' dir='ltr'><strong>immerito</strong></span> <span class='ocrx_word' id='word_1_85' title='bbox 856 1785 996 1868; x_wconf 78' lang='lat' dir='ltr'><strong>fingunt</strong></span> <span class='ocrx_word' id='word_1_86' title='bbox 1010 1788 1044 1851; x_wconf 87' lang='lat' dir='ltr'><strong>ot</strong></span> <span class='ocrx_word' id='word_1_87' title='bbox 1064 1784 1225 1851; x_wconf 89' lang='lat' dir='ltr'><strong>scribunt</strong></span> 
     </span>
     <span class='ocr_line' id='line_1_13' title="bbox 156 1889 1223 1976; baseline 0 -18"><span class='ocrx_word' id='word_1_88' title='bbox 156 1896 446 1958; x_wconf 70' lang='lat' dir='ltr'><strong>commentatores</strong></span> <span class='ocrx_word' id='word_1_89' title='bbox 463 1892 644 1957; x_wconf 89' lang='lat' dir='ltr'><strong>Platonem</strong></span> <span class='ocrx_word' id='word_1_90' title='bbox 661 1889 870 1957; x_wconf 78' lang='lat' dir='ltr'><strong>rhetoricam</strong></span> <span class='ocrx_word' id='word_1_91' title='bbox 884 1891 1087 1976; x_wconf 82' lang='lat' dir='ltr'><strong>perfectam,</strong></span> <span class='ocrx_word' id='word_1_92' title='bbox 1104 1911 1223 1976; x_wconf 90' lang='lat' dir='ltr'><strong>supre-</strong></span> 
     </span>
     <span class='ocr_line' id='line_1_14' title="bbox 158 1994 1223 2082; baseline 0 -20"><span class='ocrx_word' id='word_1_93' title='bbox 158 2016 250 2062; x_wconf 90' lang='lat' dir='ltr'><strong>mam</strong></span> <span class='ocrx_word' id='word_1_94' title='bbox 266 1997 394 2081; x_wconf 79' lang='lat' dir='ltr'><strong>(r&#39;de‘ate</strong></span> <span class='ocrx_word' id='word_1_95' title='bbox 417 1995 602 2080; x_wconf 88' lang='lat' dir='ltr'><strong>dicamus),</strong></span> <span class='ocrx_word' id='word_1_96' title='bbox 624 1995 768 2080; x_wconf 91' lang='lat' dir='ltr'><strong>ideoque</strong></span> <span class='ocrx_word' id='word_1_97' title='bbox 789 1994 986 2063; x_wconf 89' lang='lat' dir='ltr'><strong>hominihus</strong></span> <span class='ocrx_word' id='word_1_98' title='bbox 1008 1996 1223 2082; x_wconf 89' lang='lat' dir='ltr'><strong>superiorem</strong></span> 
     </span>
     <span class='ocr_line' id='line_1_15' title="bbox 157 2101 1224 2189; baseline -0.001 -19"><span class='ocrx_word' id='word_1_99' title='bbox 157 2110 190 2170; x_wconf 90' lang='lat' dir='ltr'><strong>et</strong></span> <span class='ocrx_word' id='word_1_100' title='bbox 205 2103 411 2189; x_wconf 90' lang='lat' dir='ltr'><strong>imperviam</strong></span> <span class='ocrx_word' id='word_1_101' title='bbox 431 2106 569 2170; x_wconf 86' lang='lat' dir='ltr'><strong>tradere</strong></span> <span class='ocrx_word' id='word_1_102' title='bbox 587 2101 750 2169; x_wconf 89' lang='lat' dir='ltr'><strong>voluisse.</strong></span> <span class='ocrx_word' id='word_1_103' title='bbox 766 2102 941 2170; x_wconf 88' lang='lat' dir='ltr'><strong>Immerito</strong></span> <span class='ocrx_word' id='word_1_104' title='bbox 952 2102 1075 2170; x_wconf 87' lang='lat' dir='ltr'><strong>aiunt:</strong></span> <span class='ocrx_word' id='word_1_105' title='bbox 1097 2130 1107 2159; x_wconf 85' lang='lat'>‹</span> <span class='ocrx_word' id='word_1_106' title='bbox 1124 2104 1224 2169; x_wconf 87' lang='lat' dir='ltr'><strong>Plato</strong></span> 
     </span>
     <span class='ocr_line' id='line_1_16' title="bbox 159 2209 1224 2296; baseline 0.004 -24"><span class='ocrx_word' id='word_1_107' title='bbox 159 2243 170 2272; x_wconf 81' lang='lat'><strong>‹</strong></span> <span class='ocrx_word' id='word_1_108' title='bbox 199 2210 287 2276; x_wconf 93' lang='lat' dir='ltr'><strong>nihil</strong></span> <span class='ocrx_word' id='word_1_109' title='bbox 306 2216 406 2277; x_wconf 89' lang='lat' dir='ltr'><strong>curat</strong></span> <span class='ocrx_word' id='word_1_110' title='bbox 416 2209 530 2276; x_wconf 83' lang='lat' dir='ltr'><strong>officia</strong></span> <span class='ocrx_word' id='word_1_111' title='bbox 547 2214 581 2277; x_wconf 91' lang='lat' dir='ltr'><strong>et</strong></span> <span class='ocrx_word' id='word_1_112' title='bbox 596 2209 822 2276; x_wconf 80' lang='lat' dir='ltr'><strong>difficultates</strong></span> <span class='ocrx_word' id='word_1_113' title='bbox 838 2209 919 2276; x_wconf 90' lang='lat' dir='ltr'><strong>vitae</strong></span> <span class='ocrx_word' id='word_1_114' title='bbox 944 2209 1107 2296; x_wconf 87' lang='lat' dir='ltr'><strong>publicae,</strong></span> <span class='ocrx_word' id='word_1_115' title='bbox 1124 2212 1224 2276; x_wconf 92' lang='lat' dir='ltr'><strong>Plato</strong></span> 
     </span>
     <span class='ocr_line' id='line_1_17' title="bbox 159 2315 1224 2401; baseline 0.004 -21"><span class='ocrx_word' id='word_1_116' title='bbox 159 2351 170 2380; x_wconf 81' lang='grc'><strong>«</strong></span> <span class='ocrx_word' id='word_1_117' title='bbox 199 2318 368 2384; x_wconf 89' lang='lat' dir='ltr'><strong>rationem</strong></span> <span class='ocrx_word' id='word_1_118' title='bbox 385 2317 456 2384; x_wconf 89' lang='lat' dir='ltr'><strong>edit</strong></span> <span class='ocrx_word' id='word_1_119' title='bbox 475 2336 552 2401; x_wconf 90' lang='lat' dir='ltr'><strong>quae</strong></span> <span class='ocrx_word' id='word_1_120' title='bbox 572 2316 674 2383; x_wconf 84' lang='lat' dir='ltr'><strong>tactis</strong></span> <span class='ocrx_word' id='word_1_121' title='bbox 694 2315 906 2401; x_wconf 81' lang='lat' dir='ltr'><strong>quotidianis</strong></span> <span class='ocrx_word' id='word_1_122' title='bbox 936 2319 1032 2384; x_wconf 94' lang='lat' dir='ltr'><strong>nullo</strong></span> <span class='ocrx_word' id='word_1_123' title='bbox 1051 2319 1154 2383; x_wconf 93' lang='lat' dir='ltr'><strong>modo</strong></span> <span class='ocrx_word' id='word_1_124' title='bbox 1170 2323 1224 2384; x_wconf 89' lang='lat' dir='ltr'><strong>est</strong></span> 
     </span>
     <span class='ocr_line' id='line_1_18' title="bbox 159 2423 1224 2510; baseline 0.006 -23"><span class='ocrx_word' id='word_1_125' title='bbox 159 2455 170 2487; x_wconf 69' lang='grc' dir='ltr'><strong><em>ι</em></strong></span> <span class='ocrx_word' id='word_1_126' title='bbox 199 2432 448 2492; x_wconf 89' lang='lat' dir='ltr'><strong>consentanea.</strong></span> <span class='ocrx_word' id='word_1_127' title='bbox 484 2423 653 2491; x_wconf 85' lang='lat' dir='ltr'><strong>»Scilicet</strong></span> <span class='ocrx_word' id='word_1_128' title='bbox 684 2426 795 2504; x_wconf 84' lang='lat' dir='ltr'><strong>Plato,</strong></span> <span class='ocrx_word' id='word_1_129' title='bbox 835 2428 873 2491; x_wconf 94' lang='lat' dir='ltr'><strong>ut</strong></span> <span class='ocrx_word' id='word_1_130' title='bbox 901 2423 1078 2491; x_wconf 86' lang='lat' dir='ltr'><strong>civitatem</strong></span> <span class='ocrx_word' id='word_1_131' title='bbox 1117 2443 1224 2510; x_wconf 88' lang='lat' dir='ltr'><strong>popu·</strong></span> 
     </span>
     <span class='ocr_line' id='line_1_19' title="bbox 156 2529 1224 2616; baseline -0.001 -17"><span class='ocrx_word' id='word_1_132' title='bbox 156 2534 280 2613; x_wconf 87' lang='lat' dir='ltr'><strong>larem,</strong></span> <span class='ocrx_word' id='word_1_133' title='bbox 302 2530 552 2598; x_wconf 83' lang='lat' dir='ltr'><strong>democratiam</strong></span> <span class='ocrx_word' id='word_1_134' title='bbox 572 2530 770 2616; x_wconf 87' lang='lat' dir='ltr'><strong>proscribit,</strong></span> <span class='ocrx_word' id='word_1_135' title='bbox 788 2529 836 2597; x_wconf 91' lang='lat' dir='ltr'><strong>ita</strong></span> <span class='ocrx_word' id='word_1_136' title='bbox 856 2550 925 2597; x_wconf 94' lang='lat' dir='ltr'><strong>non</strong></span> <span class='ocrx_word' id='word_1_137' title='bbox 950 2532 1067 2598; x_wconf 90' lang='lat' dir='ltr'><strong>studet</strong></span> <span class='ocrx_word' id='word_1_138' title='bbox 1096 2535 1135 2598; x_wconf 91' lang='lat' dir='ltr'><strong>nt</strong></span> <span class='ocrx_word' id='word_1_139' title='bbox 1158 2533 1224 2598; x_wconf 83' lang='lat' dir='ltr'><strong>elo</strong></span> 
     </span>
     <span class='ocr_line' id='line_1_20' title="bbox 156 2636 1059 2724; baseline -0.004 -19"><span class='ocrx_word' id='word_1_140' title='bbox 156 2637 308 2724; x_wconf 85' lang='lat' dir='ltr'><strong>quentiae</strong></span> <span class='ocrx_word' id='word_1_141' title='bbox 322 2642 368 2703; x_wconf 85' lang='lat' dir='ltr'><strong>ad</strong></span> <span class='ocrx_word' id='word_1_142' title='bbox 382 2657 487 2703; x_wconf 81' lang='lat' dir='ltr'><strong>usum</strong></span> <span class='ocrx_word' id='word_1_143' title='bbox 504 2638 631 2720; x_wconf 74' lang='lat' dir='ltr'><strong>populi</strong></span> <span class='ocrx_word' id='word_1_144' title='bbox 640 2636 863 2722; x_wconf 87' lang='lat' dir='ltr'><strong>disciplinam</strong></span> <span class='ocrx_word' id='word_1_145' title='bbox 884 2637 1059 2704; x_wconf 84' lang='lat' dir='ltr'><strong>informet.</strong></span> 
     </span>
    </p>

    <p class='ocr_par' dir='ltr' id='par_1_4' title="bbox 157 2744 1225 3350">
     <span class='ocr_line' id='line_1_21' title="bbox 201 2744 1224 2827; baseline -0.002 -15"><span class='ocrx_word' id='word_1_146' title='bbox 201 2745 234 2813; x_wconf 84' lang='lat' dir='ltr'><strong>Si</strong></span> <span class='ocrx_word' id='word_1_147' title='bbox 255 2748 449 2811; x_wconf 74' lang='lat' dir='ltr'><strong>Phaedrum</strong></span> <span class='ocrx_word' id='word_1_148' title='bbox 464 2747 595 2810; x_wconf 89' lang='lat' dir='ltr'><strong>attente</strong></span> <span class='ocrx_word' id='word_1_149' title='bbox 615 2745 712 2827; x_wconf 81' lang='lat' dir='ltr'><strong>leges</strong></span> <span class='ocrx_word' id='word_1_150' title='bbox 737 2748 771 2810; x_wconf 93' lang='lat' dir='ltr'><strong>et</strong></span> <span class='ocrx_word' id='word_1_151' title='bbox 808 2744 1035 2825; x_wconf 82' lang='lat' dir='ltr'><strong>scrutaberis,</strong></span> <span class='ocrx_word' id='word_1_152' title='bbox 1064 2745 1224 2811; x_wconf 79' lang='lat' dir='ltr'><strong>Platonis</strong></span> 
     </span>
     <span class='ocr_line' id='line_1_22' title="bbox 157 2849 1222 2939; baseline -0.002 -20"><span class='ocrx_word' id='word_1_153' title='bbox 157 2853 370 2939; x_wconf 89' lang='lat' dir='ltr'><strong>propositum</strong></span> <span class='ocrx_word' id='word_1_154' title='bbox 386 2855 420 2917; x_wconf 90' lang='lat' dir='ltr'><strong>et</strong></span> <span class='ocrx_word' id='word_1_155' title='bbox 433 2849 563 2936; x_wconf 87' lang='lat' dir='ltr'><strong>placita</strong></span> <span class='ocrx_word' id='word_1_156' title='bbox 577 2849 652 2916; x_wconf 92' lang='lat' dir='ltr'><strong>sine</strong></span> <span class='ocrx_word' id='word_1_157' title='bbox 674 2849 893 2917; x_wconf 86' lang='lat' dir='ltr'><strong>haesitatione</strong></span> <span class='ocrx_word' id='word_1_158' title='bbox 913 2851 1114 2934; x_wconf 79' lang='lat' dir='ltr'><strong>dignosces,</strong></span> <span class='ocrx_word' id='word_1_159' title='bbox 1150 2852 1222 2936; x_wconf 91' lang='lat' dir='ltr'><strong>qui,</strong></span> 
     </span>
     <span class='ocr_line' id='line_1_23' title="bbox 158 2956 1225 3047; baseline -0.002 -19"><span class='ocrx_word' id='word_1_160' title='bbox 158 2968 340 3047; x_wconf 89' lang='lat' dir='ltr'><strong>postquam</strong></span> <span class='ocrx_word' id='word_1_161' title='bbox 381 2957 617 3045; x_wconf 86' lang='lat' dir='ltr'><strong>sophistarum</strong></span> <span class='ocrx_word' id='word_1_162' title='bbox 659 2956 868 3024; x_wconf 86' lang='lat' dir='ltr'><strong>rhetoricam</strong></span> <span class='ocrx_word' id='word_1_163' title='bbox 913 2977 1023 3042; x_wconf 92' lang='lat' dir='ltr'><strong>neque</strong></span> <span class='ocrx_word' id='word_1_164' title='bbox 1066 2978 1225 3043; x_wconf 89' lang='lat' dir='ltr'><strong>quaerere</strong></span> 
     </span>
     <span class='ocr_line' id='line_1_24' title="bbox 158 3063 1224 3153; baseline -0.001 -20"><span class='ocrx_word' id='word_1_165' title='bbox 158 3087 270 3153; x_wconf 93' lang='lat' dir='ltr'><strong>neque</strong></span> <span class='ocrx_word' id='word_1_166' title='bbox 314 3068 438 3133; x_wconf 87' lang='lat' dir='ltr'><strong>docere</strong></span> <span class='ocrx_word' id='word_1_167' title='bbox 482 3063 664 3131; x_wconf 89' lang='lat' dir='ltr'><strong>veritatem</strong></span> <span class='ocrx_word' id='word_1_168' title='bbox 706 3064 972 3145; x_wconf 86' lang='lat' dir='ltr'><strong>demonstravit,</strong></span> <span class='ocrx_word' id='word_1_169' title='bbox 1001 3065 1224 3132; x_wconf 87' lang='lat' dir='ltr'><strong>dialecticam</strong></span> 
     </span>
     <span class='ocr_line' id='line_1_25' title="bbox 157 3172 1224 3257; baseline -0.003 -15"><span class='ocrx_word' id='word_1_170' title='bbox 157 3177 375 3242; x_wconf 90' lang='lat' dir='ltr'><strong>demonstrat</strong></span> <span class='ocrx_word' id='word_1_171' title='bbox 407 3173 518 3239; x_wconf 92' lang='lat' dir='ltr'><strong>solam</strong></span> <span class='ocrx_word' id='word_1_172' title='bbox 534 3190 636 3257; x_wconf 93' lang='lat' dir='ltr'><strong>posse</strong></span> <span class='ocrx_word' id='word_1_173' title='bbox 651 3175 684 3238; x_wconf 90' lang='lat' dir='ltr'><strong>et</strong></span> <span class='ocrx_word' id='word_1_174' title='bbox 704 3190 861 3255; x_wconf 90' lang='lat' dir='ltr'><strong>quaerere</strong></span> <span class='ocrx_word' id='word_1_175' title='bbox 890 3176 924 3237; x_wconf 91' lang='lat' dir='ltr'><strong>et</strong></span> <span class='ocrx_word' id='word_1_176' title='bbox 951 3173 1076 3239; x_wconf 90' lang='lat' dir='ltr'><strong>dooere</strong></span> <span class='ocrx_word' id='word_1_177' title='bbox 1097 3172 1224 3239; x_wconf 87' lang='lat' dir='ltr'><strong>verita-</strong></span> 
     </span>
     <span class='ocr_line' id='line_1_26' title="bbox 158 3285 239 3350; baseline 0 -2"><span class='ocrx_word' id='word_1_178' title='bbox 158 3285 239 3350; x_wconf 92' lang='lat' dir='ltr'><strong>lem.</strong></span> 
     </span>
    </p>
   </div>
   <div class='ocr_carea' id='block_1_3' title="bbox 195 3493 536 3567">
    <p class='ocr_par' dir='ltr' id='par_1_5' title="bbox 195 3493 536 3567">
     <span class='ocr_line' id='line_1_27' title="bbox 195 3493 536 3567; baseline -0.015 -17"><span class='ocrx_word' id='word_1_179' title='bbox 195 3496 231 3567; x_wconf 80' lang='lat' dir='ltr'><strong>(n</strong></span> <span class='ocrx_word' id='word_1_180' title='bbox 249 3495 353 3549; x_wconf 72' lang='lat' dir='ltr'><strong>ruam</strong></span> <span class='ocrx_word' id='word_1_181' title='bbox 368 3536 374 3558; x_wconf 85' lang='lat'><em>‚</em></span> <span class='ocrx_word' id='word_1_182' title='bbox 389 3493 442 3546; x_wconf 78' lang='lat' dir='ltr'><strong>aas</strong></span> <span class='ocrx_word' id='word_1_183' title='bbox 455 3494 489 3560; x_wconf 85' lang='lat' dir='ltr'><strong>n,</strong></span> <span class='ocrx_word' id='word_1_184' title='bbox 507 3493 536 3545; x_wconf 86' lang='lat' dir='ltr'><strong>n.</strong></span> 
     </span>
    </p>
   </div>
   <div class='ocr_carea' id='block_1_4' title="bbox 0 0 1397 4734">
    <p class='ocr_par' dir='ltr' id='par_1_6' title="bbox 0 0 1397 4734">
     <span class='ocr_line' id='line_1_28' title="bbox 0 0 1397 4734; baseline 0 0"><span class='ocrx_word' id='word_1_185' title='bbox 0 0 1397 4734; x_wconf 95' lang='lat' dir='ltr'><strong> </strong></span> 
     </span>
    </p>
   </div>
  </div>
 </body>
</html>
