2782 4734
639 592 813 656 ...38-

197 769 321 818 sonum
360 749 613 834 gravissimum
655 749 945 818 acutissimumve
990 751 1087 831 dare,
1131 750 1269 836 peritos

198 857 343 926 musicae
358 877 395 925 se
406 877 484 925 esse
496 859 736 944 profiteantur.
756 858 835 924 Ideo
852 876 933 923 vero
948 876 1015 923 non
1032 861 1169 943 oportet
1185 857 1269 925 illos

196 963 363 1031 conviciis
393 967 564 1039 cumules,
591 968 630 1032 ut
658 966 768 1031 honus
794 963 974 1030 Phaedrus
1006 963 1199 1031 amentiam
1233 970 1271 1032 et

197 1071 381 1138 stultitiam
416 1070 459 1137 iis
490 1072 670 1157 exprobat.
714 1097 727 1130 v
758 1072 832 1136 Non
866 1088 953 1156 opus
973 1074 1025 1136 est
1057 1069 1179 1151 irasci,
1202 1073 1269 1138 sed

199 1204 211 1236 l
240 1177 437 1260 ignoscere,
473 1176 503 1242 si
540 1176 598 1260 qui
632 1175 749 1259 ignari
778 1175 918 1259 quidem
956 1175 1150 1244 dialecticae
1193 1197 1267 1245 non

199 1311 210 1342 v
240 1288 428 1372 potuerunt
447 1283 594 1350 definire
626 1283 708 1368 quid
734 1285 876 1350 demum
898 1282 943 1350 sit
958 1282 1144 1364 rhetorica,
1162 1287 1199 1351 et
1223 1304 1268 1351 eo

197 1394 331 1458 «malo
376 1392 588 1471 laborantes
633 1394 815 1476 postquam
863 1388 1106 1458 antecedentia
1143 1395 1263 1458 artem

195 1524 208 1557 «
239 1497 437 1565 rudimenta
474 1515 734 1583 comparavere,
768 1495 978 1563 rhetoricam
1003 1495 1116 1581 ipsam
1149 1497 1267 1565 credi-

196 1631 209 1664 «
237 1606 320 1670 dere
337 1623 374 1670 se
386 1602 576 1683 invenisse,
591 1601 721 1688 illaque
741 1601 821 1668 dein
837 1603 1001 1668 docentes
1014 1601 1102 1667 alios
1116 1601 1264 1688 opinan-

195 1739 206 1768 ιι
236 1715 294 1776 tur
314 1729 351 1776 se
367 1709 409 1775 iis
429 1712 587 1776 absolute
604 1708 812 1775 rhetoricam
834 1710 971 1774 tradere
991 1709 1051 1793 (l).
1078 1734 1091 1768 v
1115 1711 1189 1776 Hoc
1210 1714 1267 1777 est

192 1818 345 1899 illorum,
373 1818 565 1884 secundum
593 1818 783 1896 Socratem,
817 1815 1011 1882 maximum
1041 1819 1075 1881 et
1108 1815 1265 1901 capitale

195 1923 331 2003 vitium,
357 1922 577 1990 dialecticam
607 1922 784 2004 ignorare.
817 1925 936 2006 Itaque
969 1924 1128 1988 Socrates
1162 1924 1266 1989 Phae-

195 2033 258 2097 dro
273 2032 485 2117 persuadere
505 2030 621 2096 studet
636 2049 729 2110 eum,
745 2028 913 2113 quamdiu
934 2048 1002 2095 non
1031 2027 1159 2114 optime
1187 2030 1266 2115 phi-

196 2136 446 2223 losophabitur,
479 2155 656 2220 nunquam
689 2140 781 2203 recte
808 2137 851 2202 de
880 2137 953 2202 ulla
987 2155 1024 2202 re
1058 2137 1262 2204 locuturum

195 2264 273 2312 esse
293 2245 353 2328 (2).

240 2351 377 2418 Etenim
396 2353 555 2427 Socrates
575 2349 758 2417 dialectica
779 2348 972 2416 instructus
988 2353 1099 2417 artem
1119 2368 1266 2435 persua·

194 2459 297 2526 dendi
336 2457 526 2526 examinat.
567 2456 707 2524 Scilicet
750 2458 890 2522 student
932 2458 1087 2522 rhetores
1125 2459 1264 2524 ceteros

197 2566 354 2632 homines
376 2566 587 2651 persuadere
603 2562 794 2630 verisimile
814 2562 1020 2629 adhihendo.
1038 2562 1102 2638 Qui
1121 2564 1166 2629 ad
1186 2566 1264 2631 vul-

197 2695 263 2757 ,trus
281 2679 315 2740 et
334 2676 377 2739 ad
400 2671 499 2756 vulgi
516 2671 696 2757 opiniones
715 2690 752 2737 se
772 2671 1036 2737 accommodare
1050 2673 1085 2737 et
1104 2671 1262 2754 flectere,

197 2782 225 2846 is
246 2786 280 2847 et
295 2781 507 2866 persuadere
531 2781 659 2861 vulgus
684 2782 807 2864 potest.
830 2803 843 2838 «
872 2779 973 2844 Nullo
994 2780 1096 2863 pacto
1133 2777 1263 2845 verita-

199 2914 211 2947 «
240 2893 310 2954 tem
330 2886 509 2973 possidere
533 2890 667 2971 oportet
687 2884 794 2971 justis
826 2884 968 2951 honisve
997 2885 1040 2950 de
1061 2885 1178 2965 rehuS,
1200 2890 1264 2951 aut

199 3022 212 3054 v
240 2994 344 3062 etiam
374 2996 416 3059 de
446 2991 644 3059 hominibus
665 2992 723 3076 qui
743 2993 831 3058 tales
852 3011 914 3057 seu
942 2995 1069 3058 natura
1093 2996 1177 3058 sunt
1196 3011 1261 3059 seu

199 3129 211 3161 l
239 3100 485 3169 educatione...
515 3126 527 3159 v
561 3101 626 3166 Sed
651 3098 687 3164 in
711 3101 775 3164 hoc
809 3099 965 3165 rhetores
990 3096 1120 3183 duplici
1145 3097 1260 3164 errori

198 3235 210 3268 «
239 3209 424 3291 indulgent
460 3210 560 3286 Nam,
587 3210 625 3272 ut
655 3208 742 3272 hene
775 3204 884 3284 dicas,
918 3203 1070 3290 primum
1112 3222 1261 3271 necesse

193 3320 246 3382 est
270 3325 303 3383 te
323 3313 425 3382 scire.
455 3313 528 3379 Tihi
547 3313 583 3379 in
613 3312 731 3378 animo
750 3317 804 3378 est
823 3316 861 3379 ut
880 3309 1104 3378 audientibus
1136 3309 1260 3377 verisi-

194 3422 291 3488 milia
315 3422 541 3508 persuadeas.
573 3419 661 3496 Quid
690 3424 807 3485 autem
842 3421 895 3484 est
920 3416 1020 3497 illud,
1051 3415 1280 3484 verisimilia

192 3529 292 3597 dico?
323 3531 444 3594 Nonne
477 3528 542 3594 hoc
575 3528 680 3593 verho
707 3525 760 3592 ais
790 3525 892 3606 falsa,
926 3543 1004 3608 quae
1036 3526 1114 3609 plus
1140 3523 1260 3592 minus

193 3636 285 3704 veris
306 3633 437 3702 similia
461 3632 555 3700 sintl
581 3637 686 3716 Erg0,
720 3652 760 3699 eo
790 3631 905 3715 magis
934 3632 1024 3716 quod
1052 3629 1263 3699 verisimilia

193 3762 354 3820 verorum
386 3738 537 3827 speciem
568 3744 602 3806 et
630 3742 781 3822 figuram
816 3740 1004 3817 habebunt,
1034 3736 1261 3807 audientibus

229 3914 265 3980 ljl)
286 3913 411 3978 Phrada,
440 3911 491 3964 160
506 3911 536 3964 ll.
550 3913 580 3964 C.

231 3993 267 4061 (2)
285 3992 411 4057 lnaeuv,
427 3991 476 4045 ael
495 3992 528 4045 Α.
