2782 4734
599 581 778 647 ..53-

199 741 320 806 Nonne
345 759 438 822 vero,
461 759 546 826 pace
570 741 692 828 optimi
721 747 755 808 et
774 740 1005 808 eruditissimi
1031 740 1096 806 viri
1126 740 1221 808 dixe-

155 846 234 927 rim,
252 846 288 912 in
310 849 462 933 culpam,
489 867 592 932 quam
613 848 649 914 in
669 850 814 914 Platone
835 847 1058 934 reprehendit
1078 854 1112 914 et
1135 847 1221 914 leni·

154 957 208 1020 ter
223 953 388 1037 castigat,
409 953 487 1040 ipse
506 955 610 1030 cadit,
633 957 761 1022 nedum
784 974 855 1021 rem
879 954 991 1040 ipsam
1014 953 1149 1021 sortiter
1166 975 1221 1022 oc-

154 1064 257 1146 cupet
276 1064 310 1127 et
330 1065 423 1128 recte
454 1060 721 1147 interpretetur?
749 1060 845 1128 Licet
872 1060 983 1128 cuivis
1013 1069 1136 1146 putare
1160 1069 1221 1128 aut

154 1166 308 1233 scribere
335 1169 530 1248 Platonem,
554 1167 713 1252 quamvis
744 1167 832 1234 nihil
854 1169 924 1234 tale
949 1166 1217 1250 excogitaverit,

152 1273 234 1341 huic
254 1276 307 1340 vel
328 1273 379 1339 illi
400 1273 537 1360 incepto
558 1275 747 1356 studuisse,
771 1294 881 1359 neque
898 1279 1061 1341 eventum
1081 1274 1217 1340 Platoni

152 1379 302 1447 feliciter
320 1380 483 1448 cessisse.
504 1382 599 1449 Licet
617 1382 750 1448 dicere:
774 1410 785 1438 1
811 1385 850 1447 ln
871 1382 1020 1448 Phaedro
1039 1400 1108 1446 non
1123 1401 1218 1467 repe·
1289 1429 1292 1434 -

153 1511 166 1544 «
197 1486 266 1552 rire
285 1490 338 1552 est
357 1489 530 1553 elementa
550 1507 568 1554 6
589 1487 714 1573 quilius
736 1507 844 1554 sanus
864 1491 898 1553 et
918 1486 1014 1553 utilis
1040 1489 1083 1553 de
1103 1489 1216 1553 rheto-

154 1619 167 1653 1
196 1592 270 1659 rica
299 1598 471 1662 tractatus
498 1597 687 1662 confletur:
720 1614 805 1677 ergo
828 1594 965 1660 Platoni
995 1595 1048 1659 vel
1069 1594 1218 1661 tentanti

153 1726 166 1758 «
196 1720 265 1766 non
286 1700 434 1784 contigit
449 1703 553 1768 taleni
570 1705 758 1769 tractatum
781 1701 907 1768 tacere.
936 1727 947 1760 1
971 1700 1096 1795 Miram
1110 1720 1215 1784 argu-

149 1806 418 1874 mentationem!
453 1811 574 1875 Nonne
598 1812 733 1894 oportet
761 1828 823 1874 nos
859 1806 1088 1891 quaestionem
1126 1808 1218 1873 lianc

148 1917 230 1980 ante
245 1912 363 1980 omnia
387 1915 525 1998 agitare
542 1920 575 1982 et
600 1917 805 1982 enucleare:
836 1940 848 1974 «
873 1919 925 1980 1111
947 1916 1046 1980 Plato
1067 1916 1216 1979 coluerit

148 2022 219 2087 tale
253 2020 429 2107 inceptum
463 2023 669 2089 absolveret
694 2025 954 2106 »Nequaquam
986 2040 1067 2087 vero
1096 2019 1212 2086 illam:

150 2151 163 2184 l
193 2128 245 2191 An
264 2128 448 2207 potuerit?
468 2152 481 2186 l>
505 2130 626 2193 Nonne
645 2128 688 2192 de
708 2128 772 2193 hoc
788 2146 856 2194 uno
879 2126 922 2191 lis
943 2130 996 2192 est
1015 2129 1119 2208 atque
1145 2123 1214 2190 dis-

149 2231 301 2317 putatio:
324 2258 337 2292 1
364 2242 418 2299 An
443 2235 542 2299 Plato
562 2232 795 2318 eloquentiam
823 2231 1011 2298 oratoriam
1036 2231 1109 2297 sive
1129 2231 1199 2317 poli

149 2364 162 2397 «
192 2338 298 2406 ticam
320 2338 394 2405 sive
410 2338 615 2425 judicialem
636 2339 893 2407 informandam
913 2343 947 2405 et
961 2337 1213 2424 perficiendam

152 2472 165 2504 1
195 2444 231 2510 in
250 2447 401 2512 Plroedro
417 2446 646 2533 susceperitl·
658 2473 670 2507 »

192 2551 356 2618 Doctrina
384 2551 523 2636 quidem
556 2552 711 2619 Platonis
740 2554 889 2619 multum
918 2551 1088 2637 adjutam,
1119 2551 1212 2616 salu-

144 2657 254 2725 briter
272 2663 465 2725 correctam
499 2665 532 2726 et
557 2659 808 2745 amplificatam
840 2658 950 2726 luisse
977 2656 1210 2742 eloquentiam

144 2783 246 2831 nemo
285 2765 439 2848 negabit.
490 2769 695 2849 Lycurgum
732 2767 995 2845 Demosthenes
1038 2768 1210 2830 Isocrates

143 2873 294 2938 multum
314 2873 407 2957 apud
437 2891 517 2938 eum
540 2874 731 2958 profecere,
753 2878 849 2939 etex
879 2871 955 2957 ejus
985 2869 1208 2949 commercio,

143 2979 199 3043 vel
215 2978 383 3057 sacrario,
400 2987 437 3045 ut
452 2978 501 3045 ait
521 2981 556 3045 C.
575 2979 755 3046 Cornelius
772 2979 911 3046 Tacitus
927 2978 963 3043 in
979 2977 1119 3060 dialogo
1132 2975 1205 3056 ille,

143 3084 305 3151 meliores
326 3104 470 3152 evasere
490 3090 524 3152 et
544 3086 716 3153 l'ortiores.
739 3085 877 3152 Scilicet
899 3084 991 3151 viros
1012 3083 1090 3150 illos
1111 3085 1209 3149 Plato

141 3327 320 3380 ‹l'iuueution
335 3327 744 3397 6161611611111117111111111116.
766 3328 830 3396 Pag.
848 3327 944 3380 tto-62.
964 3347 1010 3378 1...
1029 3324 1208 3392 Ρ61116111116,

144 3429 153 3456 l
178 3406 235 3460 loin
247 3407 280 3460 de
296 3407 321 3459 la
337 3407 456 3474 routine,
473 3424 518 3460 ses
534 3408 619 3461 libres
634 3414 660 3462 61
675 3408 819 3461 brillantes
848 3407 1044 3478 speculatione,
1066 3422 1131 3458 sans
1146 3405 1210 3458 s’in-

143 3508 153 3536 ll
177 3486 284 3556 quieter
300 3486 322 3539 si
342 3487 384 3539 les
399 3503 470 3556 yeux
484 3487 616 3556 profanes
634 3492 755 3556 peuvent
771 3487 864 3540 suivre
880 3504 930 3539 son
946 3503 1048 3539 esser..
1077 3486 1103 3538 16
1118 3485 1210 3538 deman

143 3588 153 3616 1
177 3583 276 3636 goguc,
301 3566 326 3620 16
344 3568 524 3636 sycophanta
546 3568 571 3620 16
589 3568 698 3637 citoyen
720 3568 820 3620 accuse
840 3568 917 3620 n'ont
935 3567 962 3620 ni
977 3567 1003 3619 16
1023 3572 1124 3634 tempe,
1140 3565 1168 3617 ni
1184 3566 1209 3617 lc

143 3668 153 3695 ll
177 3649 243 3716 gerit
263 3647 297 3699 116
318 3663 363 3700 ces
378 3646 553 3700 meditatione
569 3647 739 3701 solitaires..
758 3647 842 3700 ilussi
858 3647 993 3700 laissa-t-il
1009 3646 1129 3698 1616116
1145 3645 1208 3713 phi-

143 3750 152 3776 l
177 3726 293 3796 losophe
307 3733 334 3779 61
348 3726 495 3795 garde-t-il
511 3744 562 3780 son
578 3727 690 3780 manuel
709 3743 776 3780 avec
798 3744 828 3779 sa
851 3727 959 3780 rontine
980 3725 1002 3778 si
1019 3725 1173 3778 commode.
1187 3724 1208 3777 ll

143 3830 153 3856 1
176 3813 218 3860 est
234 3805 291 3860 vrai
306 3824 360 3877 que
374 3807 474 3860 Platon
490 3824 519 3860 sc
536 3807 652 3861 souciait
672 3824 726 3877 peu
748 3807 781 3860 de
802 3824 847 3860 ccs
863 3807 990 3860 ouvriers
1012 3805 1046 3859 dc
1061 3822 1078 3874 p
1089 3805 1166 3872 nole,
1183 3811 1209 3858 et

142 3911 152 3935 1
176 3887 242 3957 qu'il
264 3885 392 3939 n’elevait
413 3889 547 3955 peut-titre
568 3887 590 3939 si
611 3887 677 3940 haut
695 3885 867 3956 l’eloquence
890 3902 944 3956 que
964 3901 1035 3956 pour
1061 3884 1086 3937 la
1107 3884 1208 3937 rendre

141 3989 151 4017 l
175 3966 356 4022 inaccessible
371 3967 385 4018 1
399 3967 425 4021 la
440 3967 515 4021 foule
529 3967 579 4021 des
594 3968 721 4039 parleurs
734 3966 898 4021 ordinaires.
922 3989 932 4017 l
