2782 4734
545 543 723 610 ...18..

108 703 320 785 absolutum,
341 721 411 770 non
425 722 547 770 verum
568 707 603 771 et
622 706 748 772 bonum
764 705 852 789 quod
874 703 1051 791 praecipue
1064 725 1169 792 exop-

101 812 178 876 tant
202 814 236 877 et
265 814 434 897 appetunt
459 812 606 878 Athenae
634 815 669 879 et
700 810 947 879 Athenienses,
979 811 1049 880 Scit
1073 811 1169 880 enim

104 943 116 977 «
146 936 215 984 non
228 921 267 985 ut
285 917 464 985 conservis
479 919 616 1004 placeat
631 917 751 985 conari
766 919 891 986 debere
908 938 988 987 eum
1002 918 1061 1004 qui
1071 939 1169 986 men-

104 1050 117 1084 «
145 1028 215 1092 tem
234 1027 338 1092 hahet
358 1030 417 1114 (τὸν
432 1040 493 1092 νοῦν
510 1025 679 1112 ἔχοντα)...,
701 1028 762 1093 sed
786 1024 936 1092 dominis
956 1025 1168 1112 optimisque

104 1158 117 1192 α
145 1135 179 1198 et
198 1131 325 1218 optime
345 1131 437 1199 natis
457 1131 516 1214 (l).
546 1157 559 1193 1
584 1135 755 1213 Socrates,
778 1136 816 1199 ut
835 1152 890 1200 res
918 1135 1039 1200 eadem
1064 1132 1170 1201 aliter

100 1238 250 1320 dicatur,
267 1258 288 1306 a
303 1238 470 1324 sophistis
484 1240 577 1306 haud
593 1238 710 1306 minus
725 1237 841 1306 differt
861 1259 965 1324 quam
982 1260 1004 1307 a
1020 1240 1168 1308 relativo

100 1347 312 1427 ahsolutum,
334 1345 468 1432 species
494 1367 516 1412 a
540 1365 590 1427 re,
609 1345 825 1432 experientia
841 1345 999 1431 vulgaris
1020 1348 1169 1435 (ἐμπειρία

99 1457 153 1532 τις)
172 1472 194 1520 a
213 1472 301 1539 pura
316 1452 464 1520 scientia
483 1456 603 1539 (σοφία).
800 1531 804 1543 .

144 1559 326 1646 sophistae,
344 1579 425 1628 cum
445 1559 495 1628 ita
510 1580 547 1628 se
567 1565 707 1645 gerant,
724 1560 902 1628 doctrinas
914 1581 998 1628 suas
1009 1560 1168 1646 ipsorum

100 1685 224 1734 revera
243 1671 282 1734 ut
307 1665 447 1734 vivendi
471 1671 505 1734 et
532 1666 681 1734 faciendi
711 1686 869 1734 normam
894 1671 928 1734 et
954 1666 1169 1754 principium

100 1777 305 1858 sequuntur.
322 1775 394 1842 *Vel
413 1773 500 1840 mire
521 1777 721 1858 congruunt
749 1776 842 1860 apud
870 1793 928 1840 eos
950 1773 1037 1842 ratio
1057 1773 1168 1859 philo-

101 1879 244 1966 sophica
263 1885 298 1947 et
311 1880 442 1965 agendi
462 1882 689 1963 consuetudo,
706 1879 866 1947 doctrina
878 1885 912 1948 et
927 1900 1055 1961 moreS,
1073 1879 1169 1947 dicta

102 1992 137 2054 et
165 1988 268 2055 facta.
299 1987 334 2055 si
361 2006 444 2055 vero
468 1997 646 2073 quaeretur
668 1993 787 2056 utrum
812 2007 830 2054 e
863 1988 1024 2055 doctrina
1050 2007 1166 2054 mores

4 2178 6 2181 1
99 2093 337 2180 sophistarum
358 2095 546 2177 manarint,
580 2115 626 2162 an
646 2095 812 2182 sophistae
833 2095 1029 2163 doctrinam
1057 2097 1168 2161 finxe-

12 2216 15 2220 ’
100 2200 172 2269 rint
189 2206 251 2269 aut
270 2201 341 2269 sint
360 2200 511 2288 amplexi
531 2206 668 2270 tantum
688 2203 732 2268 ad
751 2221 866 2270 mores
886 2201 1112 2288 explicandos
1134 2206 1169 2268 et

99 2308 349 2390 defendendos,
371 2328 539 2393 magnam
568 2315 603 2376 et
626 2310 810 2376 obscuram
838 2307 1068 2393 quaestionem
1097 2327 1166 2373 non

99 2415 289 2498 adgrediar
319 2415 525 2502 dijudicare.
553 2418 629 2492 Sed,
661 2419 739 2483 utut
770 2435 825 2483 res
855 2415 1037 2495 sehabet,
1073 2415 1167 2480 haud

100 2521 275 2590 immerito
295 2522 461 2609 sophistae
487 2525 630 2591 suerunt
647 2522 805 2590 accusati
826 2521 899 2589 sive
924 2522 1015 2605 quod
1040 2520 1167 2587 doctri-

99 2648 193 2696 namw
219 2629 445 2698 admitterent
483 2629 639 2697 omnium
675 2629 839 2697 vitiorum
880 2627 1087 2696 creatricem
1125 2647 1168 2694 ac

99 2737 285 2818 malorum,
307 2736 382 2803 sive
401 2738 491 2821 quod
511 2736 670 2803 doctrina
689 2737 815 2803 adhoc
834 2734 1026 2821 composita
1044 2739 1166 2817 tegere

99 2845 194 2910 mala
209 2848 244 2911 et
256 2842 341 2910 vitia
354 2846 495 2911 vellent.
511 2847 585 2910 Hoc
595 2847 711 2911 autem
723 2844 827 2910 habet
842 2841 974 2926 aliquid
985 2841 1164 2922 momenti,

99 2949 234 3018 scilicet
252 2969 459 3037 pernoscere
479 2955 513 3017 et
531 2949 683 3018 dilucide
697 2949 814 3017 videre
833 2968 939 3034 quam
958 2951 1054 3015 arcto
1073 2947 1167 3014 inter

100 3076 137 3124 se
158 3057 298 3126 vinculo
308 3060 550 3143 metaphysica
565 3063 599 3125 et
610 3056 785 3124 rhetorica
797 3055 1035 3142 sophistarum
1051 3055 1163 3121 cohae-

100 3171 211 3233 reant.
234 3169 317 3243 Quae
337 3165 537 3252 conjunctio
556 3170 590 3232 et
609 3164 710 3250 quasi
729 3162 892 3247 cognatio
912 3161 1111 3229 clarissime
1133 3165 1166 3228 et

100 3270 296 3340 certissime
315 3278 461 3360 apparet
479 3293 523 3339 ex
542 3272 704 3340 omnihus
717 3270 869 3354 dialogis
883 3268 1074 3336 Platonicis
1091 3267 1166 3352 qui-

98 3378 163 3446 hus
184 3378 350 3465 sophistae
364 3378 610 3464 intersunt(2).

136 3618 172 3687 ll)
187 3619 316 3688 Paete,
332 3618 385 3673 274
400 3620 434 3673 A.

137 3699 173 3768 (2)
190 3700 231 3754 af,
247 3700 279 3754 G.
297 3700 405 3767 Gnonn,
423 3698 552 3753 Histoire
567 3699 602 3750 rte
618 3699 647 3751 la
664 3697 762 3751 Gaiae.
780 3739 785 3750 .
803 3702 878 3750 tome
893 3695 1050 3763 douaiime,
1066 3693 1165 3762 Poris,

103 3779 201 3850 1866,
217 3812 250 3820 —
265 3782 290 3835 J.
307 3781 407 3849 Durus,
421 3779 549 3834 Histoire
563 3779 610 3832 cles
626 3777 749 3831 the'ories
764 3784 791 3830 et
806 3777 853 3830 des
869 3777 1076 3830 ide'esmoroles
1091 3775 1167 3828 alans

102 3861 300 3932 l'oatiqaite'„.
315 3858 475 3915 ‚neitatente
494 3859 612 3913 edition.
628 3859 712 3911 Tame
725 3859 867 3928 premier.
884 3857 981 3923 Paris,
1000 3855 1090 3917 1879,
1103 3871 1164 3925 pag.

100 3941 135 3994 32
150 3959 223 4012 sqq.;
240 3975 273 3983 -
290 3944 413 4011 Georges
424 3943 553 4008 Panhor,
565 3939 751 4008 L’e'toqueoee
761 3938 905 4008 potitique
923 3943 950 3991 et
965 3935 1126 4006 judiciariae
1148 3936 1165 3988 ὰ
