2782 4734
609 585 786 650 ..16-

162 741 337 830 propriam
359 748 392 809 et
408 742 594 810 candidam
617 743 713 830 paris
740 744 934 813 amicorum
955 765 1077 813 curam
1102 767 1231 834 reprae-
1265 761 1267 764 ’

163 853 288 916 sentat.
308 854 360 917 lta
374 853 411 917 ut
427 849 617 933 magistros
639 853 749 917 malos
763 850 959 938 imple-net,
981 852 1063 938 quia
1088 857 1231 937 fingunt

162 962 196 1024 et
213 960 323 1024 semet
347 956 441 1042 ipsos
466 959 585 1024 doctos
616 977 693 1024 esse
718 963 752 1026 et
781 959 978 1041 scientiam,
1001 960 1230 1046 sapientiam„

162 1062 345 1131 veritatem
366 1082 438 1130 rem
453 1082 531 1130 esse
552 1067 711 1131 venalem
728 1068 788 1150 (l).

208 1195 221 1229 l
238 1171 397 1237 illustres
413 1169 506 1236 enim
527 1170 592 1236 viri
612 1170 670 1237 isti
691 1171 750 1256 qui
766 1171 938 1238 Graeciam
959 1178 1170 1258 percurrunt
1191 1178 1231 1242 ut

164 1302 177 1336 a
196 1276 345 1362 juvenes
360 1281 579 1363 aucupentur
592 1281 625 1343 et
638 1280 819 1358 seducant,
840 1303 853 1338 n
873 1278 1099 1364 addictosque
1113 1280 1180 1346 sibi
1195 1284 1231 1348 et

161 1383 290 1450 dociles
308 1383 493 1463 retineant,
515 1383 614 1467 (prasi
647 1385 846 1452 facultatem
872 1384 939 1470 ipsi
965 1387 1115 1453 habeant
1134 1392 1231 1454 tene-

162 1510 218 1556 ros
233 1510 275 1557 ac
299 1492 421 1558 molles
438 1490 574 1557 animos
604 1491 799 1559 instruendi
823 1500 857 1559 et
880 1492 1028 1558 ornandi
1052 1494 1226 1574 doctrina,

161 1602 480 1682 quantamcumque
518 1597 578 1664 alii
618 1598 697 1664 aliis
740 1617 802 1684 per
849 1599 1024 1666 orationes
1073 1600 1228 1667 tribuero

161 1706 314 1786 valeant,
351 1724 418 1772 non
461 1709 608 1790 possunt
645 1705 682 1771 in
714 1708 915 1773 malesanas
960 1706 1113 1773 rationes
1157 1727 1228 1773 nori

161 1814 336 1879 deerrare.
380 1815 501 1892 Quem,
546 1816 583 1880 ut
623 1815 822 1899 exemplum
864 1814 1074 1899 proteratur,
1119 1817 1227 1881 finem

161 1918 349 1986 adfectabit
379 1918 536 2005 sophista
563 1918 621 1986 cui
640 1923 739 2004 pater
768 1919 880 1986 filium
911 1919 1047 1987 dederit
1075 1923 1227 1987 educan-

81 2062 90 2079 =
161 2028 271 2094 dumi·
297 2046 400 2111 quem
420 2025 638 2112 discipulus?
658 2029 768 2093 Ambo
793 2027 931 2112 quidem
959 2032 1128 2113 appetunt
1152 2031 1227 2111 glo·
1261 2095 1267 2105 ,

162 2133 263 2214 riam,
298 2135 460 2214 honorae,
493 2132 696 2219 potentiam,
724 2133 908 2218 pecuniam
942 2139 976 2200 et
1005 2133 1139 2217 siquid
1173 2140 1229 2201 est

161 2239 287 2307 simile.
306 2239 405 2307 Felix
434 2243 520 2322 esto,
543 2246 672 2306 metam
695 2240 872 2324 continge,
899 2266 912 2301 «
946 2249 1138 2323 angustum
1164 2260 1228 2327 per

159 2346 227 2414 iter
254 2348 392 2420 luctans
423 2345 646 2420 ambitionis!
679 2373 691 2406 »
732 2344 788 2414 Sic
815 2347 981 2433 primum,
1014 2346 1065 2413 sic
1083 2349 1226 2414 demum

62 2537 65 2544 Ι
161 2455 278 2521 rhetor
303 2453 498 2521 hortabitur
520 2453 701 2539 juvenem,
731 2453 790 2538 qui
817 2473 935 2523 secum
965 2473 1099 2538 quoque
1128 2473 1228 2539 repu-

160 2561 269 2628 tabit:
293 2561 363 2628 Sim
384 2559 519 2628 utinam
535 2559 620 2626 telin
637 2571 671 2627 et
691 2566 820 2627 metam
836 2561 1061 2643 contingam!
1086 2563 1123 2626 ld
1145 2580 1227 2627 vero

160 2667 301 2749 efficiet,
328 2667 357 2734 si
377 2687 484 2753 puero
503 2667 666 2753 placebit,
679 2666 737 2751 qui
753 2687 774 2733 a
788 2672 1001 2753 praeceptore
1018 2671 1110 2752 petet
1125 2687 1227 2733 arma

62 2842 66 2847 .
160 2773 279 2842 omnia
313 2776 357 2840 ad
396 2773 554 2840 homines
593 2772 659 2839 sibi
701 2773 951 2854 conciliandos,
992 2776 1035 2839 ad
1069 2775 1225 2854 savorem

73 2933 82 2951 .
159 2881 425 2966 acquirendum,
447 2899 516 2946 non
539 2879 679 2964 ubique,
703 2880 819 2946 sedin
847 2901 912 2948 sua
932 2879 1041 2965 ipsius
1069 2879 1222 2946 civitate.

159 2987 330 3072 Magister
350 2987 461 3073 igitur
483 2980 678 3068 veritatem,
699 2990 811 3072 quoad
841 2988 939 3054 locus
966 2985 1104 3053 veritati
1130 2986 1225 3052 dabi-

158 3101 228 3175 tur,
260 3110 329 3161 non
351 3094 432 3179 quia
461 3093 644 3161 veritatem
666 3092 795 3177 diligit,
822 3096 883 3160 sed
908 3096 951 3159 ob
979 3093 1166 3160 utilitatem
1192 3098 1226 3160 et

159 3203 380 3271 commodum
400 3205 544 3287 quaeret,
567 3199 778 3284 magistrum
798 3201 991 3286 discipulus
1008 3199 1218 3266 imitabitur.

158 3310 249 3376 lllud
286 3326 457 3375 veronen
489 3312 622 3391 negant
644 3307 855 3374 recentiores
884 3307 951 3393 ipsi
986 3305 1224 3392 sophistarum

156 3414 295 3504 patroni
324 3420 358 3483 et
384 3415 554 3497 vindices
587 3434 732 3499 quorum
775 3434 866 3481 rinus
905 3413 1155 3481 celeberrimus
1189 3422 1224 3481 et

156 3521 372 3590 accerrimus
401 3524 545 3608 prodeat
564 3522 676 3602 testis,
701 3521 759 3606 qui
780 3523 899 3588 laudat
920 3519 1095 3606 sophistas
1116 3521 1220 3604 quod,

194 3745 231 3815 (l)
254 3745 294 3798 Cf.
307 3744 507 3814 temptatus
523 3745 656 3810 lletnor,
673 3743 694 3811 l,
711 3744 738 3805 6,
749 3742 807 3813 ᾒ13ι
823 3741 860 3796 ibi
877 3741 964 3794 niulto
981 3758 1044 3794 cum
1065 3747 1226 3810 contemptu

158 3826 286 3879 Socrates
302 3825 336 3878 de
350 3824 483 3894 sophistis
498 3824 668 3894 pronuntiat,
685 3840 756 3893 qnos
771 3822 854 3875 modo
867 3822 987 3892 quodam
1007 3820 1105 3893 πόρνων
1134 3827 1226 3890 partes

158 3907 351 3972 aperearuuit.
369 3938 401 3945 -
427 3907 468 3960 bl.
495 3905 629 3958 Plutonis
654 3906 754 3973 Supte,
774 3904 823 3957 231
845 3904 890 3956 D:
919 3921 931 3954 (t
947 3901 1054 3973 ἔμπορός
1074 3922 1107 3962 τις
1127 3902 1225 3974 περὶτὰ

160 3997 202 4057 τῆς
216 3991 296 4061 ψυχῆς
311 3989 453 4060 μαθήματα.
472 4010 481 4036 l
501 3989 632 4053 l't'otw„
654 3985 741 4038 31th
760 4004 764 4038 :
785 4006 794 4033 t
813 3983 932 4052 καπηλός.
952 4006 962 4032 n
