2782 4734
597 561 772 628 ..58-

154 728 291 792 tantum
325 725 459 791 duobus
511 721 634 789 amieis
682 721 755 789 sive
786 720 986 788 amantibus
1018 719 1220 801 conveniat,

156 831 304 898 seientia
326 829 536 916 purissimus
556 833 610 897 est
634 836 668 896 et
687 828 907 896 certissimus
931 829 1063 895 fruetus
1093 846 1224 894 sermo-

157 957 240 1005 num
276 936 609 1022 philosophioorum‚
643 934 787 1015 amoris,
822 939 860 1001 ut
893 933 1026 1013 dieunt,
1071 933 1224 1019 philoso-

157 1043 261 1129 plliei.

204 1153 254 1217 nd
279 1152 369 1235 quod
399 1152 711 1217 demonstrandum
747 1149 859 1216 notari
894 1154 1007 1234 potest
1036 1150 1103 1215 hoo
1134 1149 1225 1232 quod

158 1262 317 1323 Socrates
337 1258 380 1322 de
400 1255 616 1322 orationibus
638 1254 832 1324 scribendis
854 1254 1045 1338 signifieat.
1072 1258 1099 1320 E
1117 1254 1225 1333 enim,

158 1362 318 1449 probavit
333 1366 519 1442 oratorem,
542 1362 647 1429 etiam
668 1362 698 1429 si
718 1365 761 1428 de
782 1361 957 1429 rlretoriea
987 1360 1227 1446 sophistarum

160 1471 261 1536 modo
298 1474 439 1552 agatur,
477 1465 635 1554 oportere
660 1469 857 1536 animorum
882 1473 1045 1534 naturam
1072 1467 1225 1534 novisse.

160 1580 205 1643 nt
224 1577 333 1642 animi
353 1578 477 1644 aeterni
498 1582 591 1658 sunt,
618 1577 802 1644 seientiam
823 1576 985 1643 innatam·
1006 1573 1150 1655 habent,
1180 1574 1230 1641 ita

161 1690 199 1749 ut
227 1683 375 1749 seientia
402 1703 522 1751 novera
556 1683 693 1751 nonsit
730 1684 911 1750 inventum
940 1684 1127 1766 quoddam,
1169 1682 1230 1748 sed
1324 1720 1329 1729 ·

162 1789 356 1873 singularis
384 1792 564 1871 memoria,
589 1793 753 1874 ἀνάμνησις.
784 1794 876 1874 Ergo
903 1789 1014 1856 oratio
1038 1789 1072 1854 in
1099 1788 1230 1854 animis

165 1896 212 1962 nil
233 1897 342 1963 efficit
362 1897 429 1963 nisi
446 1903 483 1964 ut
498 1898 624 1966 exeitet
649 1904 684 1966 et
708 1903 873 1984 tanquam
903 1900 948 1963 ad
972 1899 1084 1963 lueem
1110 1898 1232 1962 evoeet

167 2007 262 2070 idrus
279 2003 403 2088 quibus
424 2009 551 2072 natura
566 2005 659 2092 pleni
679 2009 772 2072 sunt.
795 2003 912 2072 Oratio
928 2003 1064 2070 animos
1080 2022 1232 2070 eommo-

166 2121 234 2190 vet‚
258 2111 367 2177 nutrit
398 2116 432 2178 et
469 2115 634 2195 rulauget
656 2133 678 2177 u
712 2114 870 2194 potentin
896 2115 941 2176 ud
965 2116 1085 2176 (retina
1110 2109 1232 2195 impel-

167 2217 223 2283 lit:
248 2218 309 2283 sed
332 2216 366 2282 in
397 2217 524 2284 animis
550 2219 636 2284 nillil
666 2223 774 2297 creat,
790 2217 917 2284 animis
939 2216 1025 2283 nihil
1049 2235 1179 2282 novum
1200 2219 1234 2282 et

167 2328 350 2391 externum
361 2325 458 2391 addit
470 2330 504 2393 et
517 2325 677 2411 inspirat.
692 2324 807 2391 Animi
819 2345 862 2391 ex
874 2344 911 2391 se
927 2324 1013 2410 ipsis
1027 2323 1146 2390 omnia
1158 2342 1234 2408 pro-

167 2433 311 2510 ducunt,
342 2439 375 2498 et
400 2433 595 2514 solentiam,
619 2432 775 2499 oratione
796 2431 981 2518 adjutrice,
1006 2434 1129 2516 sponte
1158 2448 1236 2515 par-

166 2538 312 2606 turiunt.
340 2540 404 2604 Sed
424 2539 534 2606 oratio
564 2543 650 2619 sola,
677 2559 754 2624 quae
785 2558 852 2605 non
886 2537 1010 2605 litteris
1027 2536 1230 2621 conscripta

169 2648 234 2724 est,
252 2644 313 2710 tali
336 2644 462 2712 virtute
482 2646 629 2732 praedita
649 2650 713 2712 est.
732 2649 815 2722 Quae
835 2645 967 2731 scripta
981 2648 1046 2725 est,
1066 2663 1108 2710 ae
1128 2642 1236 2710 mutis

169 2750 277 2816 labris
299 2751 440 2841 legitur,
462 2772 515 2833 ea,
538 2757 638 2838 prout
662 2753 757 2819 iners
783 2759 817 2819 et
834 2750 1078 2830 immutabilis,
1107 2752 1154 2816 ad
1174 2751 1238 2815 hor-

171 2858 257 2924 nihil
277 2862 381 2925 valet.
399 2859 487 2935 Quid
502 2860 620 2926 enimi
640 2860 756 2927 Oratio
783 2861 874 2943 stylo
898 2855 1076 2925 elaborata
1096 2861 1131 2923 et
1157 2875 1238 2922 ena·

171 2969 247 3031 rata
266 2949 374 3047 gestit
388 2966 585 3052 exprimere
613 2971 646 3033 et
683 2966 744 3032 tibi
780 2985 847 3032 non
881 2966 1140 3041 commendare,
1178 2963 1239 3029 sed

170 3072 349 3157 imponere
373 3071 570 3158 opinionem
603 3078 664 3139 aut
691 3071 885 3152 doctrinam
920 3075 1065 3150 certam,
1101 3071 1240 3136 absolu-

170 3183 255 3251 tam,
295 3178 457 3245 omnibus
497 3179 690 3258 meliorem,
721 3184 755 3245 et
788 3198 892 3264 quam
921 3176 1104 3260 exagitare
1134 3193 1240 3262 prope

172 3285 270 3350 nefas
292 3285 348 3351 sit.
372 3277 514 3362 Quodsi
534 3289 639 3352 talem
668 3285 860 3352 orationem
891 3281 1172 3370 impugnaveris
1198 3300 1241 3349 en

172 3390 384 3474 gravissimo
405 3391 544 3459 silentio
560 3397 697 3459 tanturn
725 3397 759 3458 te
784 3391 921 3458 refellit.
954 3395 1068 3468 Quare
1101 3391 1147 3455 ab
1178 3390 1242 3455 hoe

173 3496 291 3564 animo
307 3497 409 3565 aliter
433 3498 657 3583 intelligitur,
682 3498 809 3564 abillo
838 3497 952 3579 aliter,
985 3515 1093 3584 prave
1121 3496 1243 3562 forsan

173 3606 216 3670 ab
250 3604 436 3672 omnious:
474 3625 554 3672 nam
589 3610 713 3689 rogata
742 3625 850 3672 unum
891 3609 924 3671 et
961 3603 1053 3670 idern
1103 3619 1244 3688 semper

176 3712 374 3795 respondet.
392 3713 493 3796 Apud
513 3731 590 3778 eam
611 3712 721 3794 igitur
741 3711 827 3778 nihil
847 3710 957 3776 animi
977 3711 1149 3795 proficere
1168 3727 1244 3793 pos-

177 3821 271 3882 sunt.
294 3818 411 3885 Oratio
427 3824 560 3897 eontra,
587 3838 664 3902 qum
687 3836 755 3882 non
778 3817 908 3902 scripta
940 3813 1005 3895 est,
1032 3822 1068 3880 at
1096 3814 1245 3881 dicendo

178 3928 212 3988 et
231 3926 458 4008 colloquendo
478 3924 648 4002 nascitur,
670 3943 790 3991 omnes
816 3926 946 3992 formas
975 3920 1102 4002 induit,
1132 3939 1173 4012 se
1202 3921 1246 3987 ad
