2782 4734
551 574 795 680 &¹4ss

167 730 249 796 ficia
269 729 464 797 Siculorum
482 734 718 816 patronorum
727 729 900 811 derident,
922 729 1010 796 alios
1032 729 1138 811 viros
1166 733 1237 797 cla-

168 835 277 904 riores
294 841 329 904 at
349 839 458 904 multo
488 836 632 923 majoris
662 837 698 902 in
725 836 866 903 civitate
893 838 1055 922 apudque
1080 836 1237 923 privatos

166 943 343 1028 ponderiS,
370 948 532 1030 carpunt,
569 943 781 1028 vituperant,
819 942 1014 1027 exagitant.
1056 942 1273 1029 sophistas.

169 1049 278 1136 ipsos,
303 1050 530 1136 sophisticam
561 1050 731 1117 rationem
760 1049 888 1118 aeriter
920 1051 1179 1136 reprehendunt
1203 1056 1239 1118 et

170 1156 318 1224 inlamia
337 1161 471 1224 notant.
493 1159 568 1223 Non
588 1156 676 1224 tanti
706 1156 839 1224 faciunt
866 1157 1034 1224 formulas
1063 1160 1098 1224 et
1130 1176 1237 1241 argu-

165 1267 284 1330 menta
313 1284 390 1349 quae
422 1264 491 1331 reis
521 1272 545 1331 ot
582 1268 771 1350 λογογράφοι,
803 1262 985 1349 discipulis
1018 1264 1236 1349 professores

164 1371 327 1438 offerunt.
352 1359 620 1451 lsta'Socrates,
643 1371 679 1436 in
709 1372 872 1451 Phaedro,
903 1375 1040 1438 tantum
1062 1376 1237 1438 memorat

164 1484 203 1546 ut
222 1484 256 1545 et
275 1477 350 1564 ipse
370 1497 411 1545 ea
436 1477 574 1563 jamdiu
594 1478 734 1544 novisse
758 1483 793 1545 et
820 1477 1029 1564 expendisse
1058 1477 1233 1545 videatur.

163 1583 232 1653 Vix
253 1584 368 1669 tangit
396 1611 408 1644 «
434 1604 493 1652 ore
519 1571 705 1671 superbo»
733 1584 956 1671 prooemium,
979 1584 1232 1665 narrationem,

163 1690 420 1778 dispositiones,
461 1691 695 1778 probationes,
739 1690 1077 1772 verisimilitudines,
1105 1691 1233 1759 refuta-

162 1797 307 1880 tionem,
337 1796 663 1866 suhrefutationem.
693 1798 830 1865 Leviter
855 1800 989 1865 mordet
1014 1800 1232 1865 Theodorum

163 1905 367 1988 Byzantium
399 1905 457 1991 qui
489 1904 624 1991 primus
642 1905 900 1972 commendavit
927 1904 1231 1972 confirmationem

161 2010 366 2097 primariam
397 2017 431 2079 et
463 2010 722 2079 secundariam.
755 2015 881 2079 Facete
900 2013 1054 2079 celebrat
1073 2015 1231 2079 Evenum

80 2127 82 2131 ’
162 2117 305 2186 Parium
333 2118 389 2187 cui
417 2117 565 2202 contigit
592 2118 751 2186 invenire
774 2118 1175 2186 suhdamonstrationem
1197 2124 1232 2186 et

160 2233 359 2311 aapznxtvaog,
394 2245 497 2311 quem
530 2225 637 2292 etiam
679 2224 799 2292 dicunt
839 2224 1000 2292 versihus
1043 2233 1232 2311 πκρκψόγους

161 2333 391 2418 expressisse.
422 2336 497 2399 Non
529 2337 636 2416 negat
663 2334 802 2398 tandem
838 2331 984 2399 subtiles
1016 2331 1096 2398 illos
1135 2335 1229 2400 viros

160 2457 282 2506 omnes
301 2442 344 2506 de
365 2439 534 2507 orationis
565 2442 634 2506 fine
665 2438 875 2519 consentire,
903 2438 977 2506 sive
1002 2459 1080 2505 eam
1109 2439 1230 2506 dicant

65 2612 68 2617 .
161 2545 499 2632 recapitulationem,
536 2545 610 2613 sive
646 2545 715 2612 alio
755 2545 906 2612 nomine.
952 2548 1098 2614 Omnem
1147 2566 1229 2613 vero

160 2651 266 2719 istam
298 2652 528 2721 artificiorum
567 2652 820 2739 supellectilem
860 2672 922 2739 pro
957 2652 1076 2719 'nihilo
1116 2653 1226 2735 ducit,

64 2844 67 2849 .
161 2760 290 2826 nedum
310 2759 454 2826 minime
479 2758 627 2826 miretur
646 2758 723 2825 Poll
734 2760 875 2844 pulcras
891 2759 1050 2846 periodos
1077 2763 1112 2826 et
1137 2759 1228 2827 anti-

75 2910 78 2915 ·
164 2865 333 2934 theticam
354 2865 609 2952 symmetriam,
631 2868 833 2950 Protagorae
857 2865 1071 2949 elegantiam
1091 2870 1124 2933 et
1148 2886 1229 2934 eon-

159 2972 378 3056 oinnitatem,
399 2973 650 3059 Thrasymachi
671 2973 891 3040 Chalcedonii
905 2973 1088 3057 ingenium
1110 2979 1144 3040 et
1156 2975 1226 3040 vim

159 3081 204 3147 ad
228 3082 508 3162 commovendos,
539 3082 729 3167 placandos
759 3079 958 3148 auditorum
987 3082 1133 3148 affectus
1160 3082 1224 3166 (l).

158 3187 250 3254 Illud
279 3187 365 3254 nihil
394 3193 447 3255 est
461 3187 529 3254 nisi
558 3187 678 3268 vestis
716 3185 830 3272 pellis
867 3191 1033 3271 tegumen
1069 3190 1134 3255 suh
1158 3208 1227 3272 quo

158 3312 243 3360 vera
283 3295 519 3381 sophistarum
565 3294 725 3362 doctrina
771 3297 867 3375 latet,
920 3314 1025 3378 qnam
1063 3298 1224 3362 Socrates

161 3398 288 3466 «intus
304 3405 338 3468 et
356 3401 392 3467 in
408 3405 487 3469 cute
510 3429 523 3462 n
548 3400 688 3468 novisse
704 3403 832 3468 studet.
855 3404 968 3478 Quare
990 3420 1057 3467 non
1081 3400 1223 3468 ohlivis-

156 3506 261 3587 citur,
283 3507 390 3576 immo
409 3515 490 3575 ante
510 3527 632 3576 omnes
654 3513 825 3576 memorat
844 3499 974 3574 Tisiam
999 3513 1033 3575 et
1056 3509 1225 3591 Gorgiam

158 3640 173 3675 v
197 3611 256 3697 qui
294 3615 386 3682 veris
417 3615 624 3682 verisimilia
662 3614 825 3681 viderunt
860 3617 1105 3701 anteponenda
1130 3634 1223 3698 esse,

161 3747 175 3784 a
203 3723 318 3805 atque,
340 3728 379 3791 ut
416 3742 493 3808 quae
531 3740 653 3789 revera
682 3740 791 3807 parva
812 3725 905 3807 sunt,
929 3741 967 3789 ea
985 3741 1129 3806 magna,
1146 3742 1225 3808 quae

197 3961 235 4032 (l)
250 3961 381 4033 Phoda,
397 3962 448 4018 267
470 3965 500 4032 C,
516 3962 549 4022 D.
