2782 4734
600 521 781 587 ..4ss-

158 699 237 748 esse
248 685 351 766 atque
371 701 408 748 ea
427 680 639 767 peritissime
659 702 700 749 ac
712 681 917 749 felicissirne
933 681 995 763 uli,
1014 686 1074 751 sed
1091 689 1136 753 ad
1149 707 1228 754 eam

158 787 342 874 discipulis
361 788 494 854 aditum
527 808 595 856 non
631 789 757 870 lacere,
784 789 954 875 potiusah
974 810 1015 858 ea
1034 791 1229 880 discipulos

161 914 336 962 revocare.
360 899 413 961 An
429 913 512 962 vero
530 900 602 962 tam
620 895 716 981 juste
738 915 842 980 quam
866 895 979 983 lepide
991 901 1025 964 et
1043 900 1230 982 eleganter

160 1005 320 1069 Socrates
336 1002 558 1068 adversarios
579 1008 713 1088 carpat,
734 1002 826 1069 alius
842 1001 889 1089 dij
897 995 1028 1072 adiret(

203 1108 442 1195 Socratesjam
456 1111 583 1176 multas
598 1115 631 1175 et
647 1109 762 1175 varias
776 1109 921 1177 virtutes
929 1112 973 1176 ab
983 1117 1136 1194 oratore,
1143 1135 1229 1201 qua-

159 1219 227 1283 lem
241 1234 361 1283 secum
375 1214 600 1298 excogitavit,
623 1215 778 1299 requirit.
795 1217 956 1284 Nondum
977 1211 1094 1285 autem
1107 1222 1230 1289 omnia

132 1379 135 1384 .
158 1324 333 1410 explicata
353 1328 446 1389 sunt.
464 1324 549 1389 Vult
565 1321 657 1389 enirn
676 1323 831 1390 futurum
852 1327 1026 1390 oratorem
1052 1346 1073 1392 a
1098 1333 1229 1396 natura

157 1430 234 1517 ipsa
259 1430 407 1516 primam
428 1428 583 1495 omnium
606 1429 769 1496 virtutem
800 1430 961 1498 sortitum
993 1431 1114 1500 fuisse.
1151 1462 1165 1496 «
1194 1437 1229 1503 Si

160 1565 173 1598 d
201 1537 264 1604 tihi
280 1535 429 1618 contigit
449 1541 575 1603 natura
590 1535 773 1620 ingenium
789 1538 833 1603 ad
848 1534 1082 1622 eloquentiam
1101 1549 1228 1627 aptum

161 1671 173 1704 l
203 1646 343 1724 hahere,
365 1642 434 1710 eris
462 1647 579 1710 orator
615 1646 746 1722 eterna,
786 1662 866 1710 curn
900 1644 1070 1712 asciveris
1111 1649 1228 1716 scien-

162 1776 175 1809 «
202 1749 356 1833 liamque
376 1753 410 1813 et
431 1746 759 1814 exercitationem...
778 1749 825 1831 (l)
845 1774 858 1808 a
953 1764 957 1770 ·

206 1855 302 1921 Talia
323 1858 405 1920 sunt
424 1852 554 1939 placita
570 1853 721 1920 Socratis
734 1854 777 1920 de
792 1855 978 1936 rhetorica,
995 1877 1073 1941 quae
1093 1877 1136 1925 ex
1150 1861 1228 1927 rhe—

158 1963 278 2029 toricae
291 1960 494 2029 delinitione
524 1962 568 2026 ah
595 1960 681 2046 ipsis
707 1960 871 2047 sophistis
900 1962 1014 2048 posita
1043 1964 1228 2034 dialectice

159 2067 325 2137 extrahit.
355 2067 566 2135 Socraticam
595 2067 689 2134 enim
715 2068 939 2150 rhetoricam,
969 2070 998 2137 si
1030 2074 1140 2139 verba
1159 2073 1228 2141 ista

160 2178 268 2242 semel
284 2175 500 2261 conpungere
520 2174 612 2254 licet,
642 2174 879 2260 sophistarum
918 2177 1091 2245 rhetorica
1123 2182 1227 2265 quasi

158 2283 269 2350 invita
307 2281 435 2366 gignit.
468 2282 767 2358 Quemadmodum
792 2282 983 2364 doctrinas,
1032 2285 1084 2352 sic
1132 2287 1227 2354 viros

159 2393 318 2457 Socrates
331 2397 482 2456 tractare
494 2389 593 2454 solet.
612 2387 751 2464 Quoties
765 2388 957 2474 sophistam
973 2396 1033 2458 aut
1050 2393 1225 2461 rhetorem

157 2496 399 2583 deprehendit,
411 2495 524 2562 virum
542 2493 699 2563 scientiae
711 2501 936 2580 expertem,a
951 2497 1085 2564 ratione
1100 2501 1227 2567 ahhor-

159 2608 306 2683 rentem,
328 2603 497 2669 audacem
519 2620 601 2667 vero
618 2605 653 2668 et
671 2601 1012 2670 confidentissimum
1037 2624 1106 2670 non
1131 2608 1254 2672 dedi·

159 2715 290 2793 giratur
309 2714 343 2776 et
363 2708 508 2794 respuit,
525 2707 768 2791 atinterrogat
792 2713 827 2775 et
859 2709 951 2793 loqui
968 2709 1080 2796 jubet,
1112 2713 1228 2799 lepide

159 2818 279 2883 laudat
292 2822 327 2883 et
346 2817 526 2901 approbat,
543 2814 782 2901 paulatimque
808 2814 958 2883 inscium
991 2819 1035 2884 ad
1063 2838 1174 2886 novas
1194 2827 1229 2890 et

159 2922 321 2989 meliores
337 2919 487 2987 inclinat
504 2919 747 3003 cogitationes,
765 2939 852 3004 quas
865 2940 958 3006 saepe
971 2921 1038 2989 iste
1049 2942 1227 2992 commen-

158 3031 218 3095 dat
231 3033 264 3096 et
275 3028 455 3114 praedicat,
472 3026 572 3112 quasi
591 3026 666 3112 ipse
685 3046 745 3093 eas
760 3026 945 3094 invenerit.
971 3032 1022 3096 En
1047 3049 1128 3098 oum
1148 3031 1228 3119 ipsa

160 3135 334 3203 rhetorica
362 3155 418 3202 res
438 3140 515 3202 est:
538 3133 568 3200 si
583 3133 660 3219 quis
681 3136 857 3200 Socratem
872 3139 910 3202 ut
924 3135 957 3202 ei
971 3138 1024 3202 vel
1041 3137 1227 3206 minimam

160 3243 278 3310 inesse
299 3241 463 3310 virtutem
478 3241 571 3308 dicat
592 3240 773 3326 impellere
793 3243 896 3322 volet,
918 3243 1108 3326 denegabit
1136 3265 1227 3313 mor-

158 3349 259 3417 dicus
277 3355 311 3416 et
335 3347 590 3435 recalcitrabit3
617 3347 652 3413 in
673 3366 830 3433 praesens
870 3351 987 3416 tamen
1016 3369 1084 3416 non
1115 3355 1228 3420 reluc-

159 3460 265 3537 tatur,
283 3461 317 3522 et
337 3449 547 3521 rhetoricam
563 3473 642 3520 esse
668 3455 732 3520 hoc
758 3457 819 3520 aut
847 3453 935 3522 illud
969 3456 1062 3523 haud
1091 3456 1227 3527 invitus

159 3561 261 3629 lateri
282 3562 441 3647 videtur3
469 3562 530 3627 sed
554 3559 765 3645 disputando
798 3564 832 3627 et
864 3560 1047 3630 dialectice
1091 3563 1231 3633 ratioci-

160 3670 288 3750 nando,
308 3669 379 3735 lere
399 3669 562 3748 ludend0,
585 3665 823 3751 nescioquam
854 3687 980 3736 novam
1015 3670 1246 3770 rhetoricam⁹

198 3919 235 3992 ql)
254 3920 378 3986 l'hmdr,
395 3917 446 3971 269
466 3917 498 3972 D.
