2782 4734
602 551 777 654 -54-

157 747 276 815 docuit
296 747 377 832 quid
400 747 445 815 sit
456 748 606 834 justum,
628 748 811 834 injustum,
827 747 909 832 quid
924 727 1061 829 rerum,
1079 748 1224 828 talsum‚

157 860 192 922 et
211 855 381 938 quomodo
401 854 488 922 civis
515 857 626 922 bonus
656 855 782 941 populo
810 855 984 934 consulat,
1015 873 1083 919 non
1114 853 1227 921 inser-

158 961 304 1039 viattl).
327 961 552 1028 Manifestum
582 961 687 1028 etiam
714 966 768 1028 est
787 963 830 1026 ab
864 959 1050 1027 Aristotele
1078 960 1228 1046 repetita

159 1088 238 1136 esse
248 1073 283 1135 et
293 1067 492 1136 accuratius
503 1068 678 1154 explicata
693 1072 910 1152 tractataque
926 1066 1055 1153 placita
1064 1067 1227 1151 quaedam

160 1175 328 1241 Platonis.
345 1177 409 1242 Sed
429 1177 530 1241 Plato
549 1179 619 1241 toto
639 1177 725 1241 caelo
745 1173 852 1241 distat
871 1176 914 1240 ab
934 1173 1135 1263 Aristotele,
1149 1193 1229 1258 quo-

161 1281 256 1348 niam
284 1282 434 1348 educare
457 1285 636 1365 Lycurgos
652 1285 686 1348 et
707 1282 968 1361 Demosthenes,
987 1300 1030 1347 ne
1062 1284 1229 1367 patronos
1305 1351 1307 1354 ,

162 1392 196 1453 et
220 1387 416 1455 causidicos
444 1387 572 1467 dicam,
606 1389 702 1454 nullo
734 1389 834 1453 modo
870 1388 997 1454 studet.
1032 1387 1229 1455 Audiamus

163 1495 256 1560 enim
283 1479 495 1578 magistrum
520 1494 648 1579 ipsum.
676 1498 865 1577 Postquam
891 1495 1029 1560 labores
1051 1493 1169 1560 varios
1198 1497 1231 1560 et

164 1603 305 1681 arduos,
328 1619 347 1666 e
373 1601 498 1685 quibus
523 1604 659 1667 constet
685 1620 768 1666 vera
789 1599 976 1681 rhetorica,
999 1600 1029 1666 si
1049 1599 1131 1685 quid
1155 1602 1231 1666 rhe-

166 1704 274 1771 torica
294 1704 350 1786 sit,
379 1705 492 1771 fusius
512 1704 685 1791 exposuit,
708 1707 915 1785 verbahaec,
937 1724 1027 1789 quae,
1049 1708 1153 1790 prout
1175 1724 1231 1770 no-

166 1811 338 1877 bilissima
354 1815 387 1878 et
408 1810 553 1877 maximi
575 1811 754 1889 momenti,
775 1812 890 1878 adhuc
915 1813 1127 1891 memorab0‚
1156 1830 1232 1896 pro·

167 1918 253 1984 fert:
279 1943 337 1984 «...
363 1920 427 1984 Sed
448 1917 588 2003 sapiens
609 1918 657 1984 ita
672 1917 867 1998 conabitur,
884 1937 952 1983 uon
973 1921 1011 1984 ut
1026 1937 1107 1985 cum
1124 1917 1232 1984 homi-

170 2050 183 2082 «
209 2023 310 2091 nibus
326 2015 491 2108 colloqui,
510 2025 687 2091 hominum
711 2024 852 2107 negotia
873 2043 996 2108 regere
1023 2024 1146 2111 possit,
1173 2025 1233 2090 sed

172 2157 184 2190 r
209 2135 247 2197 ut
274 2151 377 2214 quam
400 2130 554 2198 maxime
583 2131 684 2199 factis
714 2136 748 2198 et
766 2130 870 2198 dictis
893 2133 975 2198 deos
998 2133 1091 2198 colat
1111 2136 1144 2198 et
1169 2131 1234 2197 sibi

169 2236 342 2304 conciliet.
365 2264 378 2297 ι)
409 2241 483 2304 Non
500 2242 553 2304 est
568 2237 737 2323 sapientis
758 2257 885 2304 munus
906 2238 1069 2322 procellis
1085 2237 1235 2324 publicis

102 2333 105 2337 ’
170 2343 340 2410 interesse
360 2350 421 2411 aut
442 2365 480 2412 se
495 2344 663 2430 objicere:
683 2333 766 2411 ‘cum
789 2349 905 2411 autem
927 2347 1026 2410 Plato
1047 2346 1161 2411 solum
1183 2363 1235 2410 sa-

170 2451 322 2535 pientem
338 2451 515 2538 respiciat,
538 2441 618 2518 eum
639 2471 750 2536 neque
765 2455 880 2517 armat
907 2470 1017 2535 neque
1042 2451 1237 2519 communit

170 2558 340 2624 adversus
359 2557 429 2624 ista
443 2558 611 2644 pericula.

209 2850 245 2917 (l)
261 2849 302 2903 Gt.
320 2850 441 2903 Maurice
468 2852 602 2918 Guelsar,
623 2852 679 2904 Des
708 2851 783 2904 ideas
807 2851 933 2903 morales
960 2851 1034 2903 dorus
1065 2849 1239 2920 l'etoqrrcrrcc

169 2931 356 3000 potatiqucdc
370 2932 572 2999 Demosthene,
589 2932 787 3001 Morttpellicr,
802 2930 882 2999 1874,
899 2948 959 3000 pag.
981 2930 1033 2984 37:
1055 2950 1064 2978 r
1084 2931 1156 2983 Sans
1173 2922 1240 2984 aller

173 3033 182 3055 r
203 3011 316 3080 jusqu'h
331 3011 424 3065 dire...
442 3029 496 3080 quc
511 3012 700 3065 Demosthene
718 3012 754 3065 ait
771 3012 814 3064 ete
842 3012 866 3064 le
882 3012 997 3080 disciplc
1012 3010 1052 3064 du
1078 3011 1168 3079 grand
1184 3011 1241 3081 phi-

174 3111 183 3137 l
207 3091 333 3160 losophc,
347 3092 376 3160 je
405 3092 478 3144 crois
508 3092 605 3162 qu'ila
633 3091 947 3161 protitesensiblement
974 3091 1023 3143 des
1039 3090 1240 3144 entretiensde

175 3191 184 3218 r
207 3172 385 3225 l’hcaddmie.
406 3194 415 3220 n
437 3203 469 3210 -
484 3172 563 3235 Quod
582 3172 679 3225 attinet
692 3172 726 3225 ad
750 3173 912 3238 Isocratem,
929 3188 1011 3240 quem
1035 3171 1165 3224 Socrates
1190 3171 1241 3224 sub

172 3253 256 3304 tinem
272 3251 371 3320 dialogi
392 3258 537 3320 memorat,
568 3253 607 3305 sic
622 3252 735 3305 disserit
760 3253 788 3304 F.
806 3251 964 3318 Susanuru,
982 3268 1027 3320 cp.
1049 3268 1085 3318 c.,
1103 3268 1166 3321 pag.
1184 3251 1216 3304 tt
1235 3269 1239 3304 :

176 3352 185 3378 r
208 3331 330 3385 Medium
346 3333 466 3402 denique
483 3334 574 3386 locum
591 3333 672 3385 ·inter
689 3332 855 3385 rhetoricam
868 3331 1070 3385 sublimiorem
1082 3337 1108 3384 et
1121 3332 1242 3385 rhetori·

176 3432 185 3458 r
208 3428 269 3464 cam
288 3414 452 3480 rintpurcml
473 3412 598 3466 obtinent
612 3412 659 3482 qui
673 3414 733 3465 sine
759 3411 877 3465 scicntia
891 3411 1034 3465 dialectica
1053 3418 1148 3464 tamen
1171 3411 1242 3465 felici

175 3512 185 3539 u
208 3492 319 3560 ingenio
337 3493 475 3561 rectisque
493 3493 672 3562 opinionibus
688 3491 761 3545 ducti
772 3492 913 3545 auditores
925 3492 1079 3545 lectoresve
1095 3491 1242 3553 derebus.

175 3594 183 3619 r
208 3589 269 3642 quac
284 3578 446 3639 tractantur,
463 3589 519 3626 non
535 3573 640 3641 fallere,
658 3572 708 3626 sed
723 3572 763 3625 eis
779 3589 891 3642 quoque
916 3579 1006 3625 rectas
1026 3571 1175 3642 opiniones
1189 3580 1244 3626 tra-

176 3673 185 3700 «
208 3654 273 3706 dere
304 3653 425 3721 student,
448 3654 540 3723 itaque
570 3670 626 3707 non
654 3653 812 3724 philosophi
847 3653 959 3724 quidem
992 3659 1067 3720 sunt,
1088 3658 1116 3706 at
1142 3654 1246 3709 hahent

176 3754 186 3781 r
203 3739 296 3787 tamen
312 3732 447 3803 φιλόσοφόν
461 3753 493 3787 τι.
511 3734 618 3787 Horum
634 3734 807 3787 mentionem
822 3733 941 3788 faciendi
957 3750 1021 3788 cum
1037 3733 1166 3802 dialogus
1180 3735 1244 3788 Pla·

176 3835 185 3860 «
208 3813 265 3866 toni
281 3830 337 3866 uon
352 3814 459 3866 dederit
474 3814 659 3880 occasionem,
684 3815 759 3867 hunc
774 3814 802 3866 in
833 3817 917 3867 tinem
933 3814 1060 3867 clausula
1078 3813 1132 3868 278
1148 3815 1241 3884 Esqq.

176 3914 187 3943 <‹
209 3894 369 3947 adhibetur:
386 3912 417 3945 cr
435 3911 531 3947 corum
548 3895 621 3947 euim
644 3911 759 3946 tutruoro
784 3895 920 3947 Isocrates
936 3902 989 3962 est,
1007 3901 1040 3955 ut,
1061 3901 1121 3948 tum
1137 3895 1244 3949 Platoni

67 4002 71 4010 -
178 3995 187 4021 r
212 3973 364 4028 videbatur.
383 3995 393 4023 i
