2782 4734
579 548 748 612 -17-

131 706 215 772 dum
245 706 407 785 Atheon,
451 708 489 772 ut
522 705 584 786 ait,
622 707 759 787 docent,
803 707 960 773 Athenas
993 709 1129 776 tanturn
1164 714 1198 777 et

131 811 365 879 Athenienses
408 815 534 879 curant
570 831 612 897 ac
654 811 859 898 respiciunt,
901 817 1036 881 ceteras
1077 818 1195 897 urbes

131 903 266 986 ceteros
284 918 442 985 homines
459 918 658 1003 negligunt.
679 945 692 979 (ι
717 922 903 1005 Nunquam
923 924 976 988 est
991 920 1197 990 obliviscen-

134 1052 147 1086 α
172 1027 268 1107 dum,
290 1024 351 1107 ait,
369 1045 441 1107 eos
463 1025 522 1110 qui
536 1045 662 1112 pueros
676 1026 883 1094 erudiebant
902 1031 934 1094 et
960 1027 1199 1097 informabant

134 1136 216 1200 «ad
246 1133 354 1199 vitam
387 1132 565 1219 publicam
598 1137 632 1200 et
655 1131 870 1216 practicam,
905 1134 986 1203 inde
1027 1137 1197 1205 adductos

133 1265 146 1298 «
176 1238 285 1306 fuisse
306 1244 344 1306 ut
364 1244 474 1307 semet
493 1242 538 1306 ad
552 1242 642 1321 loca,
659 1242 702 1306 ad
724 1239 882 1308 homines
899 1241 1041 1309 omnino
1061 1263 1197 1310 accom-

120 1372 145 1431 ἰ(
175 1348 359 1413 modarent
373 1347 434 1432 (l).
466 1374 478 1407 »
498 1350 550 1414 lta
564 1352 603 1414 ut
622 1351 657 1414 et
672 1346 740 1434 ipsi
761 1346 909 1438 libenter
928 1348 1125 1417 dixissent:

290 1534 354 1590 Non
370 1533 437 1587 nrihi
454 1551 510 1598 res,
526 1535 575 1587 sed
595 1551 638 1587 me
654 1535 738 1589 rebus
755 1535 924 1604 subjungere
939 1553 1035 1590 conor.

173 1704 344 1792 Sophistae
363 1704 474 1789 igitur
495 1725 631 1785 barura,
658 1705 687 1772 si
709 1706 796 1773 sorte
816 1712 991 1791 quaerunt,
1018 1727 1087 1774 non
1103 1728 1195 1793 quae·

71 1831 76 1838 ·
130 1817 212 1881 runt
229 1812 298 1879 nisi
320 1814 363 1878 ad
388 1815 488 1880 utile.
510 1814 595 1880 Cum
620 1817 738 1901 autem
763 1815 853 1879 utile
879 1833 948 1880 non
979 1833 1117 1900 semper
1144 1822 1197 1883 est

128 1920 235 2001 idem,
265 1939 333 1987 non
359 1919 426 1987 sibi
451 1919 579 2004 ubique
601 1924 752 2000 constat,
776 1924 898 1987 contra
926 1921 1063 1989 varium
1081 1927 1134 1990 est
1160 1927 1194 1990 et

128 2027 255 2093 mobile
275 2030 310 2093 et
328 2026 512 2112 multiplex
528 2031 563 2093 et
581 2026 793 2094 multiforme
813 2028 905 2094 sicut
925 2032 1080 2114 tempora
1100 2029 1190 2114 ipsa,

127 2136 216 2215 loca,
238 2133 410 2214 homines,
430 2138 648 2200 tumuerunt
672 2153 734 2220 per
754 2154 792 2201 se
811 2133 926 2219 ipsum
952 2155 1060 2202 unum
1088 2141 1142 2203 est
1161 2143 1195 2203 et

126 2239 356 2308 immutabile.
374 2241 457 2307 lnde
472 2242 512 2306 fit
530 2244 569 2307 ut
587 2246 761 2308 beretrudi
779 2241 868 2307 utile
891 2241 1087 2327 saepissime
1103 2242 1196 2310 inter

127 2365 259 2414 senon
288 2351 498 2430 congruant,
533 2346 640 2414 immo
670 2353 878 2433 repugnent.
920 2350 1017 2424 Quod
1054 2333 1193 2434 cuidem
1289 2334 1293 2340 ⁵

127 2453 292 2539 sophistae
306 2472 327 2519 a
337 2453 508 2539 principio
521 2453 726 2520 intellexere
748 2461 782 2521 et
792 2458 1013 2540 perspectum
1026 2456 1191 2523 habuere.

126 2563 244 2644 Neque
258 2559 319 2626 diu
338 2579 396 2626 eos
417 2559 519 2627 latuit
538 2559 605 2626 sibi
620 2559 751 2627 auxilio
765 2580 843 2628 esse
853 2580 956 2646 posse
978 2563 1189 2645 verisimile,

125 2687 206 2732 cero
226 2666 422 2747 deficiente,
443 2672 559 2751 atque,
584 2666 642 2734 ubi
661 2669 860 2734 uerisimile
879 2687 1013 2753 quoque
1041 2670 1189 2751 labaret,

124 2776 192 2842 huc
210 2793 313 2860 posse
335 2776 502 2842 accedere
529 2777 563 2841 ot
594 2777 744 2842 multum
777 2775 892 2842 facere
917 2777 1069 2859 fulsura,
1091 2777 1190 2844 dum-

126 2883 227 2948 modo
247 2880 448 2948 verisimilis
465 2881 616 2967 speciem
632 2884 815 2967 praeberet.
838 2885 946 2949 Nemo
962 2902 1030 2948 non
1052 2902 1193 2951 asseve-

126 2988 217 3056 rabit
230 2988 426 3056 doctrinam
441 2987 545 3055 istam
566 3008 609 3056 ex
629 2988 847 3057 institutione
873 2989 1076 3074 sophistica,
1102 2990 1194 3057 sicut

125 3098 278 3164 fructum
302 3115 346 3163 ex
366 3098 503 3177 arbore,
527 3115 591 3164 sua
612 3100 734 3182 sponte
760 3100 872 3163 ortam
896 3115 974 3163 esse
997 3106 1032 3164 et
1051 3116 1191 3164 omnem

125 3207 303 3271 rhetorum
319 3208 429 3270 artem
446 3209 507 3270 aut
518 3223 622 3275 usum
639 3203 831 3271 consistere
847 3203 882 3269 in
899 3207 1087 3288 quaerendo
1108 3225 1189 3272 vero

124 3313 299 3397 (relatiua,
322 3331 390 3378 non
411 3312 634 3393 absolutam
653 3310 689 3376 in
710 3313 831 3387 schola
849 3311 1001 3399 dicitur),
1023 3316 1084 3379 aut
1104 3312 1192 3379 veri-

125 3417 232 3486 simili
251 3422 313 3485 aut
330 3417 436 3484 etiam
453 3419 542 3484 falso
561 3418 605 3484 ad
625 3416 722 3484 utile.

168 3516 223 3585 Sic
247 3521 361 3600 agunt
379 3516 558 3602 sophistae,
584 3515 727 3582 omnino
747 3517 879 3583 Socrati
904 3517 1109 3599 dissimiles,
1131 3517 1190 3603 qui

122 3628 192 3692 toto
220 3623 338 3690 anirno
366 3623 544 3691 contendit
574 3629 614 3690 ut
638 3622 815 3708 possideat
840 3643 961 3691 verum
994 3629 1028 3691 et
1057 3627 1186 3691 bonum

159 3857 195 3928 (l)
213 3857 245 3910 G.
263 3856 372 3924 Gnorn,
391 3852 517 3910 Histoire
532 3857 566 3907 rlc
587 3856 614 3907 lu
638 3855 736 3922 Grdcc,
762 3855 890 3909 trudut'tc
912 3873 946 3909 cu
973 3856 1105 3925 franpuis
1128 3873 1189 3925 pur

122 3939 209 3993 A.-L.
228 3939 262 3990 dc
277 3937 402 4005 Sudous,
416 3943 490 3989 tomc
505 3936 661 4002 dorrzc'e'ruc,
677 3936 773 4004 Poris,
790 3935 868 3990 1866.
884 3967 916 3975 —-
933 3938 1000 4004 Pap.
1016 3936 1078 3991 l78.

1075 4062 1088 4103 2
