2782 4734
580 570 759 634 ,37-

137 753 150 786 r
180 747 257 794 mus
276 732 311 795 ut
332 727 516 795 videantur
536 726 763 795 audientibus
780 748 860 795 eum
881 733 1002 796 eadem
1024 729 1155 796 similia
1172 733 1206 796 et

138 864 150 894 α
179 833 380 913 dissimilia,
397 855 507 902 unum
526 854 568 901 ac
589 837 711 915 multa,
733 835 913 901 manentia
932 836 1092 928 denique·
1108 840 1143 903 et
1168 857 1206 904 se

141 971 153 1003 u
182 941 382 1009 moventia?
407 945 417 1016 l
423 943 455 1026 l)
478 966 491 1001 r>
519 942 607 1018 Quid
627 946 745 1008 autem
763 946 817 1009 est
835 943 935 1022 illud,
967 942 1035 1008 nisi
1057 945 1191 1028 plnloso

135 1049 240 1135 phica
263 1047 475 1135 disputatio.2
497 1053 542 1115 At
561 1050 603 1116 de
626 1048 846 1135 philosophia
870 1049 989 1133 agitur
1021 1069 1133 1133 neque
1165 1049 1201 1115 in

137 1154 305 1222 tribunali
336 1174 447 1240 neque
490 1174 607 1222 coram
632 1157 771 1242 populo.
803 1159 896 1239 Ergo
928 1156 1102 1223 rhetorica
1128 1177 1196 1223 non

138 1263 232 1328 intra
255 1261 430 1328 orationes
458 1281 520 1329 seu
542 1260 728 1348 judiciales
750 1282 812 1329 seu
842 1262 1001 1348 politicas
1027 1283 1064 1330 se
1093 1263 1202 1330 conti-

139 1373 208 1437 net.
225 1407 270 1416 —-
286 1372 358 1435 Hoc
377 1369 517 1453 quidem
533 1371 724 1437 notandum
739 1377 810 1436 est:
835 1390 915 1437 cum
936 1373 1093 1436 Socrates
1110 1390 1204 1438 oam-

139 1496 220 1562 pum
237 1474 404 1560 majorem
419 1475 603 1542 rhetoricae
622 1475 757 1561 aperiat
776 1483 809 1543 et
829 1476 1002 1559 assignet,
1023 1495 1102 1543 cum
1126 1496 1203 1544 eam

138 1582 328 1668 amplificet
363 1588 479 1666 atque,
510 1587 549 1649 ut
579 1581 628 1648 ita
653 1583 782 1662 dicam,
813 1584 949 1663 dilatet,
984 1583 1065 1649 inde
1101 1586 1139 1650 ut
1168 1587 1206 1650 ut

139 1688 339 1755 necessario
358 1692 392 1754 et
412 1687 535 1754 merito
546 1688 640 1755 dicat
658 1688 776 1755 onmia
790 1709 867 1773 quae
881 1694 1086 1773 sequuntur.
1101 1689 1134 1755 Si
1150 1709 1206 1754 ve-

140 1815 218 1862 rum
238 1794 284 1860 sit
303 1798 337 1860 et
351 1793 487 1879 justum
505 1794 688 1861 rhetoricae
702 1814 768 1861 non
786 1797 901 1881 locum
919 1813 997 1862 esse
1014 1794 1081 1861 nisi
1097 1794 1132 1860 in
1148 1794 1205 1860 tri·

142 1901 328 1968 bunalibus
345 1905 379 1967 et
395 1900 544 1986 publicis
562 1901 734 1980 conciliis,
753 1921 829 1968 eam
847 1905 1006 1968 Socrates
1020 1900 1204 1984 indignam

139 2010 244 2075 ducet
263 2027 366 2092 quam
384 2010 438 2075 vel
458 2008 569 2075 obiter
587 2007 799 2075 consideret:
832 2028 901 2074 non
927 2013 981 2075 est
1000 2007 1093 2075 enim
1114 2028 1205 2075 unus

141 2115 233 2182 iuter
252 2114 384 2199 eosqui
403 2117 569 2200 populum
591 2114 774 2181 lenociniis
800 2117 986 2182 verborum
1005 2117 1207 2182 demulcent

141 2227 176 2288 et
194 2225 348 2306 captant,
370 2223 415 2287 ad
435 2223 583 2302 honores
604 2221 823 2301 obtinendos,
851 2224 906 2288 vel
931 2221 1065 2306 laqueis
1081 2220 1206 2287 oratio-

143 2348 225 2396 num
261 2327 416 2414 judicem
447 2329 622 2410 irretiunt,
655 2335 691 2395 ut
726 2328 863 2409 amicis,
892 2328 1092 2408 clientibus,
1126 2327 1207 2394 siui-

143 2439 214 2501 met
232 2434 301 2502 reis
322 2438 543 2514 succurrant,
566 2435 724 2502 sontibus
741 2434 984 2520 impunitatem
1005 2433 1204 2502 concilient.

143 2543 208 2609 Sed
228 2540 309 2625 quia
328 2561 387 2608 ars
412 2542 647 2628 persuadendi
668 2541 808 2625 longius
830 2541 856 2607 it
879 2547 914 2608 et
941 2541 1060 2621 latius,
1079 2541 1206 2608 nedum
1255 2627 1257 2632 Ι
1361 2527 1364 2531 ’

143 2648 179 2714 in
210 2648 361 2715 arctiore
398 2667 539 2715 carcere
572 2653 724 2728 maneat,
759 2668 836 2714 eam
870 2651 1028 2716 Socrates
1062 2645 1209 2732 suscipit

143 2756 413 2834 emendandam,
435 2758 670 2840 purgandam,
692 2756 734 2821 ad
757 2775 812 2849 res
833 2755 984 2841 majores
1005 2773 1208 2840 promoven-

143 2864 237 2928 dam.

190 2972 309 3036 Artem
336 2989 428 3050 vero,
460 2969 561 3056 cujus
578 2972 735 3036 Socrates
775 2973 921 3037 formam
960 2974 994 3036 et
1027 2970 1208 3053 exemplar

145 3075 238 3143 intra
259 3096 296 3143 se
316 3076 544 3160 excogitavit,
559 3076 672 3161 qualis
694 3077 739 3143 sit
760 3096 802 3144 ne
823 3076 1049 3163 suspicantur
1068 3074 1207 3159 quidem

146 3183 323 3270 sophistae.
365 3187 451 3251 Dum
481 3184 639 3268 gestiunt
676 3203 770 3251 nuuc
802 3203 864 3269 pro
889 3203 954 3250 sua
982 3186 1080 3267 parte
1100 3184 1206 3265 loqui,

146 3310 240 3358 nuuc
255 3295 390 3357 ceteros
401 3293 525 3358 docere
538 3293 709 3375 quomodo
719 3291 941 3384 fiatdisertus
955 3292 1085 3368 orator,
1099 3287 1209 3355 simil-

146 3397 221 3464 limi
251 3403 333 3465 sunt
370 3397 569 3465 hominibus
602 3398 679 3464 istis
714 3397 785 3483 qui,
827 3397 991 3482 quoniam
1041 3397 1211 3462 nonnulla

147 3505 302 3573 remedia
323 3510 507 3587 noverunt,
542 3505 708 3586 medicos,
738 3507 805 3585 vel,
835 3504 999 3589 quoniam
1033 3502 1211 3590 explicare

147 3616 209 3679 aut
218 3611 340 3697 paucis
365 3614 660 3698 comprehendere
676 3612 830 3678 fabulam
843 3613 985 3691 callent,
1002 3612 1121 3696 poetas
1142 3612 1211 3674 tra-

111 3782 114 3787 ,
147 3718 259 3802 gicos,
275 3721 342 3800 vel,
364 3723 547 3806 postquam
563 3719 649 3806 ipsis
666 3721 774 3785 semel
790 3717 918 3785 accidit
937 3717 1069 3784 chorda
1078 3718 1212 3782 tentata

185 3965 220 4035 p)
242 3964 361 4018 anaor.
389 3965 439 4018 rur
