2782 4734
478 1135 886 1241 PROOEMIUM

606 1473 756 1484 ...α-...η

196 1815 235 1878 ln
248 1811 366 1879 animo
382 1813 467 1879 milri
483 1817 537 1880 est
560 1815 603 1880 de
618 1814 775 1881 Platonis
799 1816 948 1880 Phaedro
971 1815 1015 1901 (l)
1040 1814 1215 1882 disserere

150 1935 185 1995 et
212 1949 369 2013 quaerere
391 1929 474 2014 qnid
500 1929 566 1996 sibi
595 1929 822 2017 philosophus
852 1930 1001 1998 voluerit
1035 1930 1215 2024 dialogum

149 2045 256 2113 istum
271 2049 520 2132 componendo.
544 2045 796 2132 Operiipsimet
815 2048 961 2114 studebo
980 2048 1213 2133 explanando,
1261 2056 1264 2061 ’

119 2174 122 2181 “
151 2181 220 2228 non
243 2180 372 2228 curans
397 2181 464 2246 qno
495 2161 531 2227 in
560 2168 715 2249 tempore
745 2162 914 2248 scriptum
945 2162 1065 2229 fuerit:
1102 2165 1147 2229 ad
1180 2162 1215 2229 id

150 2277 243 2344 enim
263 2276 532 2362 intelligendum
554 2297 677 2363 parum
692 2279 768 2345 haee
786 2277 1013 2362 investigatio
1033 2281 1160 2360 valeat,
1179 2283 1217 2346 ut

147 2392 320 2480 judicavit
353 2393 618 2461 recentissimus
656 2398 691 2461 et
725 2380 991 2477 sagacissimus
1024 2394 1216 2462 Platonicae

150 2509 319 2576 doctrinae
339 2509 525 2595 interpres,
542 2512 731 2576 Hermone
745 2512 873 2576 Bonita
885 2510 945 2595 (2).
964 2513 1038 2577 Non
1059 2513 1214 2596 repetam

149 2624 260 2709 igitur
279 2629 313 2692 et
336 2645 508 2711 exponam
534 2626 652 2692 omnia
681 2646 759 2710 qnae
792 2625 852 2692 alii
877 2628 920 2694 de
950 2627 1101 2693 Plicedro
1132 2626 1215 2693 olim

150 2742 290 2809 dixere:
312 2761 415 2826 quem
436 2744 590 2809 laborem
609 2745 754 2825 longum
774 2747 820 2823 et,
842 2762 927 2828 pace
942 2743 1099 2810 omnium
1119 2743 1215 2810 dixe-

189 3007 224 3074 rl)
241 3007 278 3059 M.
294 3007 416 3074 Sonare,
432 3007 566 3060 Platonis
582 3023 669 3075 opere
685 3024 748 3076 qnae
758 3009 898 3076 seinaim·
922 3007 1056 3060 omitia...
1095 3008 1151 3060 l'ol.
1187 3009 1214 3062 l'.

153 3087 322 3140 Fasciculus
338 3087 516 3156 posterior...
543 3087 648 3156 Lipsiae
676 3086 945 3141 MDCCCLXXXH.
965 3107 993 3125 -ι
1012 3087 1216 3142 Recensionem

151 3167 233 3234 hanc,
250 3167 325 3237 quod
339 3167 374 3221 ad
388 3167 511 3233 dialogos
523 3168 581 3236 jam
597 3167 625 3220 in
640 3168 731 3221 lucem
752 3167 840 3221 editos
860 3167 987 3237 pertinet,
1014 3184 1126 3238 semper
1148 3186 1216 3222 con-

152 3248 235 3301 sului.

188 3336 224 3405 (2)
242 3337 386 3391 Hermann
400 3339 515 3406 ΒοΝΙΤΖ,
535 3337 719 3391 Pletonisehc
733 3337 868 3406 Studien,
882 3339 980 3392 Drt'iie
993 3339 1125 3408 Antiope.
1143 3340 1216 3393 Ber-

152 3417 206 3484 lla,
225 3416 313 3471 1886.
330 3419 447 3472 —Vide
465 3435 534 3488 pag.
552 3417 698 3484 alonem:
729 3441 737 3466 l
758 3414 1008 3487 anErlrlc'irnnp
1029 3420 1077 3472 des
1096 3420 1217 3488 Dialops
1293 3446 1297 3453 ·

152 3497 298 3550 Plrddros.
317 3519 327 3547 n
347 3530 379 3537 -
395 3499 461 3568 Peg.
478 3498 543 3552 290:
565 3519 575 3546 l
593 3498 643 3551 Die
659 3499 744 3567 Frage
766 3499 835 3553 iiber
860 3499 904 3553 die
925 3500 957 3552 Al
969 3499 1154 3568 fassungszeit
1168 3500 1217 3554 des

155 3597 166 3627 r
188 3578 349 3632 Phadros...
365 3579 401 3632 ist
423 3580 452 3635 in
476 3579 539 3633 dem
562 3579 723 3647 bisherigen
736 3596 805 3648 ganz
829 3579 873 3634 bei
896 3580 969 3634 Seite
988 3581 1125 3648 gelassen.
1151 3582 1217 3635 Zum

155 3679 164 3706 l
187 3658 404 3714 Vcrstdndnisse
427 3660 477 3714 des
500 3660 626 3714 Phidros
646 3660 681 3713 ist
704 3660 748 3714 die
772 3661 990 3729 Beantwortung
1016 3661 1107 3714 dieser
1132 3662 1219 3730 Frage

156 3760 165 3786 κ
189 3739 265 3792 nicht
278 3739 475 3809 erforderlich3
491 3740 540 3795 das
553 3741 718 3810 allgemeine
732 3741 871 3794 Interesse
886 3740 936 3794 der
948 3741 1003 3795 Zeit
1021 3740 1067 3794 fiir
1083 3741 1216 3795 Rhetorik

157 3839 167 3866 n
190 3819 248 3872 und
284 3820 369 3874 deren
397 3822 596 3875 thatsflchliclrc
638 3821 859 3875 Beselallenheit
905 3820 1064 3889 einerseits,
1105 3822 1218 3876 Platona

156 3926 166 3952 l
190 3892 394 3972 Uberzeugurrg·
408 3920 462 3956 ron
479 3903 542 3956 dem
557 3903 703 3957 absoluton
717 3903 833 3956 Werllre
844 3902 893 3955 dor
913 3902 1092 3971 Philosophia
1116 3903 1217 3956 ander-

156 4007 167 4038 ι
190 3987 256 4041 seits
271 3985 384 4041 reichen
399 3984 448 4039 hin
460 3984 509 4038 das
526 3983 612 4039 Werk
628 3982 834 4037 verstddndlich
850 4000 883 4036 ro
899 3982 1024 4036 machon.
1044 4003 1054 4032 l
