2782 4734
650 594 822 661 42..

202 782 216 815 <l
246 754 427 822 veritatem
461 757 575 834 curet,
613 757 675 821 sed
714 754 994 840 probabilitatem
1032 757 1077 837 (τὸ
1115 759 1265 845 πιθανέν);

202 888 215 922 a
243 861 347 947 idque
366 867 420 930 cst
444 860 634 929 verisimile
650 863 695 944 (τὸ
710 866 800 944 εἰκός)
827 861 884 930 cui
910 863 1033 931 debeat
1063 866 1204 932 studere
1235 866 1267 931 si

202 996 215 1029 «
243 968 320 1054 quis
340 971 415 1036 vult
434 968 623 1036 artificiose
642 967 800 1036 dicere...
823 972 865 1036 Et
879 988 949 1037 nno
964 971 1069 1037 verbo
1090 970 1267 1039 dicentem

202 1101 214 1134 «
243 1074 533 1142 verisimileillud
553 1094 710 1159 quaerere
726 1094 871 1142 necesse
890 1079 955 1156 est,
968 1077 1052 1143 dum
1069 1075 1267 1162 saepissime

202 1208 214 1241 «
240 1182 340 1269 jubet
379 1183 496 1248 valere
537 1180 720 1248 veritatem
758 1182 869 1264 (πολλὰ
911 1185 1022 1249 εἰπόντι
1072 1191 1178 1270 χαίρειν
1226 1194 1267 1270 τῷ

203 1317 215 1350 u
243 1290 400 1374 ἀληθεῖ)...
420 1289 468 1374 (l)
492 1316 505 1350 a

245 1422 258 1456 a
288 1398 389 1463 Haud
423 1396 598 1464 immerito
631 1397 768 1477 credas
798 1396 848 1463 ait
878 1397 917 1464 θ.
951 1398 1066 1478 Grote,
1096 1397 1266 1481 Gorgiam

201 1529 214 1563 «
244 1505 394 1571 multum
410 1502 587 1571 doctrinas
612 1502 785 1589 ejusmodi
805 1507 1084 1585 commendasse,
1106 1508 1144 1572 nt
1163 1505 1268 1572 disci-

201 1635 214 1669 «
244 1612 343 1696 pulos
363 1629 384 1676 a
403 1609 504 1677 vanis
535 1611 727 1677 deterreret
752 1609 1048 1696 speculationibus
1074 1631 1160 1695 quas
1188 1611 1265 1698 ipse

201 1743 214 1776 n
241 1716 402 1800 ingratas
418 1720 452 1784 et
475 1716 713 1784 infructuosas
729 1716 1072 1806 esseJ'udicabattss).
1096 1744 1109 1776 a

241 1824 295 1890 Ad
314 1823 605 1905 concludendum,
621 1842 760 1890 omnem
777 1823 1025 1907 cogitationem
1048 1844 1168 1892 veram
1184 1845 1264 1892 esse

197 1930 366 2014 cogitanti
399 1930 564 1997 adfirmat
589 1933 816 2012 Protagoras,
841 1931 974 1998 nullam
1013 1930 1263 2014 cogitationem

197 2056 317 2104 veram
346 2056 424 2104 esse
455 2035 624 2121 cogitanti
653 2038 819 2103 adfirmat
837 2036 999 2120 Gorgias.
1027 2040 1147 2104 Nonne
1169 2036 1258 2105 illud

197 2149 251 2211 θεῖ
269 2147 519 2228 argumentum
541 2143 705 2228 utrinque
725 2143 867 2224 feriens,
890 2163 956 2228 quo
980 2143 1155 2212 evincitur
1174 2144 1264 2212 nihil

196 2255 297 2318 extra
313 2250 447 2337 species
468 2253 566 2319 esset
583 2235 815 2327 Quamobrem
831 2270 899 2316 non
921 2249 1049 2317 mirum
1069 2254 1123 2318 θεῖ
1143 2253 1264 2319 Socra-

196 2361 266 2425 tem
280 2357 456 2445 sophistas
476 2357 526 2424 ita
544 2355 799 2443 contempsisse
812 2362 846 2424 et
856 2355 900 2423 iis
922 2357 1016 2424 litem
1037 2357 1264 2444 implacatam

194 2464 401 2533 intendisse.
417 2464 568 2534 Veritati
583 2463 803 2551 philosophia
817 2467 945 2546 studet,
963 2464 1207 2550 probabilitate
1230 2470 1266 2533 et

64 2612 73 2621 -
103 2643 106 2646 ,
196 2571 379 2660 speciebus
404 2571 603 2640 continetur
622 2571 807 2639 rhetorica.
830 2571 1000 2640 Veritatis
1027 2591 1126 2639 arnor
1146 2572 1265 2656 gignit

109 2744 112 2751 .
196 2678 380 2748 scientiam
412 2680 612 2765 (ἐπιστήμην),
642 2678 870 2765 probabilitas
899 2679 1097 2765 opinionem
1136 2679 1260 2763 (δόξαν).

195 2790 371 2865 Quantum
403 2795 521 2854 autem
541 2784 689 2853 scientia
708 2788 752 2852 ab
785 2785 947 2872 opinione
971 2786 1093 2868 distet,
1115 2806 1209 2873 saepe
1229 2791 1263 2854 et

196 2913 326 2978 magno
352 2895 538 2961 verborum
563 2892 684 2977 vigore
722 2895 881 2960 Socrates
916 2892 1107 2977 significat.
1141 2893 1263 2962 Omnis

193 3001 288 3070 enim
313 3020 385 3082 ars,
406 3001 499 3068 inter
526 2999 743 3068 arctissimos
764 2999 937 3086 opinionis
968 3003 1057 3067 fines
1092 3006 1202 3086 saepta
1231 3005 1265 3068 et

194 3107 344 3195 captiva,
365 3107 458 3175 intra
487 3127 610 3175 verum
629 3114 725 3187 τέλος,
748 3107 783 3173 id
808 3110 861 3174 θεῖ
895 3126 1099 3193 supremum
1119 3108 1262 3189 bonum,

192 3215 341 3302 turpiter
360 3219 394 3282 et
407 3213 587 3282 humiliter
597 3213 704 3301 jacet.
728 3213 889 3281 scientiae
909 3215 1062 3280 cohaeret
1075 3224 1093 3297 ἡ
1107 3217 1262 3300 εῖπρκξῖκ,

193 3325 283 3409 quod
302 3324 444 3391 verbum
457 3341 529 3389 una
544 3321 725 3405 significat
740 3323 827 3387 bene
843 3319 1011 3404 cogitare,
1030 3320 1259 3403 benedicere,

193 3434 282 3498 bene
301 3447 420 3512 agere.
443 3433 494 3496 Ex
519 3428 681 3515 opinione
709 3447 791 3495 vero
810 3430 936 3514 pendet
960 3437 978 3510 ἡ
1008 3431 1135 3515 alippa,
1156 3427 1192 3494 id
1212 3433 1266 3496 θεῖ

194 3535 339 3605 fortuita
367 3535 529 3616 felicitas,
558 3535 594 3602 id
626 3538 680 3602 est
711 3554 830 3602 omnes
863 3540 969 3616 artes,
999 3553 1120 3602 omnes
1160 3534 1263 3602 disci-

194 3644 315 3732 plinae,
332 3663 410 3728 qnae
430 3643 501 3710 alia
519 3642 654 3724 dicunt,
675 3642 746 3710 alia
772 3642 929 3726 cogitant
956 3646 990 3709 et
1009 3647 1122 3726 agunt
1160 3646 1265 3730 atque

231 3909 269 3976 (l)
287 3909 418 3976 Pharin,
435 3910 487 3963 272
500 3910 533 3978 D,
550 3910 581 3963 Ε.

229 3989 267 4058 42)
285 3988 412 4044 Histoire
428 3992 463 4044 ola
479 3992 507 4044 lo
525 3991 647 4044 Gracc...
664 3989 723 4057 XII,
740 4005 802 4060 pag.
821 3986 882 4043 tot.
