2782 4734
217 1378 298 1432 QUID
327 1384 340 1418 ‹<
367 1376 514 1424 PHAEDRI
543 1383 555 1416 1)
584 1376 635 1424 SIT
659 1375 808 1424 SUMMUM
833 1377 876 1423 ΕΤ
899 1377 1097 1424 EX'PREMUM

538 1483 756 1531 PROPOSITUM

167 1810 244 1872 Jam
266 1804 426 1872 novimus
447 1808 481 1871 et
501 1807 587 1871 bene
602 1810 824 1897 perspectum
842 1806 1010 1872 babemus
1026 1805 1109 1890 quid
1129 1806 1186 1888 sit,

123 1916 262 1978 Socrate
281 1918 315 1978 et
330 1912 475 1978 Platone
487 1910 679 1997 judicibus
697 1915 815 1977 orator
825 1913 1020 1992 absolutus
1037 1912 1190 1997 perfecta

124 2018 310 2085 rhetorica.
338 2019 402 2084 Sed
433 2037 515 2085 num
543 2017 609 2083 sibi
637 2019 737 2083 Plato
768 2017 949 2103 proposuit
978 2018 1013 2087 in
1039 2020 1189 2085 Phaedro

123 2129 295 2192 oratorem
312 2124 501 2192 informare
513 2130 547 2191 et
565 2127 756 2210 producere
776 2144 855 2191 eum
873 2126 931 2210 qui
953 2128 1055 2192 rebus
1076 2127 1189 2212 politi-

124 2233 175 2298 cis
196 2253 233 2298 se
255 2236 363 2314 totum
389 2231 617 2317 impenderet,
640 2251 758 2298 eoram
779 2233 905 2318 populo
932 2238 993 2298 aut
1008 2232 1043 2297 in
1065 2240 1190 2312 senatu

124 2341 246 2421 ageret
261 2343 293 2404 et
309 2338 531 2422 loqueretur?
559 2341 662 2418 Num,
685 2341 723 2404 ut
756 2337 806 2404 ita
839 2336 968 2418 dicam,
991 2340 1189 2407 Demosthe-

54 2493 55 2499 1
126 2445 180 2512 nis
200 2444 392 2527 imaginem
407 2449 488 2511 ante
504 2446 772 2511 Demosthenem
793 2447 1046 2530 repraesentare
1061 2446 1190 2511 voluit?

169 2551 364 2619 Audiamus
384 2570 466 2617 vero
489 2555 782 2618 commentatores
810 2570 829 2617 e
856 2551 1071 2619 nostratibus
1091 2571 1191 2618 orna-

124 2657 280 2726 tissimos
304 2663 338 2724 et
364 2657 614 2743 amplissimos.
647 2684 660 2717 (ι
694 2657 812 2725 Hostis
834 2657 894 2724 ille
924 2660 1114 2739 rhetorum,
1141 2658 1191 2726 ait

129 2792 143 2826 (ι
169 2768 301 2831 Erncst
328 2767 455 2845 Habet,
487 2764 595 2831 edidit
620 2761 739 2831 tamen
768 2769 802 2831 et
834 2784 935 2831 suam
966 2764 1189 2850 disciplinam

129 2899 141 2932 «
170 2871 383 2939 oratoriam:
405 2876 556 2955 quaeest
581 2872 728 2936 Phaedri
751 2870 929 2952 materies,
951 2871 1126 2956 praecipue
1154 2872 1190 2936 in

129 3005 142 3038 «
171 2977 361 3064 posteriore
385 2980 524 3063 parte...
547 2976 748 3043 Aristotelis
772 2976 957 3059 rhetorica,
974 2976 1049 3062 jam
1075 2981 1190 3045 aPla-

130 3112 143 3146 «
172 3090 251 3152 tone
271 3093 450 3170 concepta,
468 3089 501 3151 et
516 3083 617 3168 quasi
631 3103 749 3150 semen
766 3083 801 3148 in
817 3085 1011 3149 Phaedrum
1035 3084 1193 3171 deposita

131 3219 144 3253 «
172 3197 248 3259 erat
262 3193 323 3278 (l).
348 3217 361 3252 n
383 3195 428 3259 nt
442 3191 555 3258 alius:
578 3217 590 3250 «
610 3193 709 3257 Plato
725 3189 914 3276 proscribit
934 3191 1188 3258 rhetoricam...

165 3407 201 3476 (1)
223 3407 324 3459 Ernest
338 3406 446 3472 anur,
467 3403 564 3457 Etude
583 3421 635 3456 sur
655 3405 684 3456 le
709 3402 887 3473 Rbe'toriquc
907 3403 1073 3472 d'Are'stote,
1100 3406 1192 3472 Paris,

129 3486 357 3553 MDCCCXLVI,
369 3485 410 3539 Cf.
420 3501 480 3554 pag.
490 3483 563 3551 9-12,
573 3501 634 3554 pag.
651 3484 695 3537 20.
713 3505 723 3532 u
742 3485 779 3537 Ge
794 3483 879 3552 grand
894 3483 1053 3538 adversaire
1069 3485 1118 3538 des
1134 3487 1196 3539 rhe-

131 3590 141 3618 u
164 3575 287 3634 teurs..,
303 3566 410 3634 Platon,
425 3583 440 3619 a
455 3565 610 3634 cependant
624 3565 697 3617 ecrit
711 3582 768 3617 uere
785 3565 893 3618 theorie
914 3565 948 3618 de
969 3567 1037 3618 l'urt
1056 3567 1193 3620 orutoire.

131 3669 141 3698 u
164 3648 223 3701 Elle
238 3653 280 3700 cst
295 3646 389 3715 l’objet
407 3647 445 3698 du
460 3645 580 3712 Phedre,
597 3645 664 3698 dont
679 3644 731 3697 6116
751 3645 861 3714 remplit
876 3645 902 3698 la
921 3645 1050 3699 derniere
1074 3647 1194 3716 partie...

132 3750 142 3778 u
165 3731 218 3783 Ces
233 3727 345 3782 extraits
369 3727 497 3780 suffisent
513 3742 585 3796 pour
607 3732 731 3779 montrer
751 3743 806 3795 que
821 3726 847 3778 la
861 3726 1034 3796 Rhetorique
1049 3726 1196 3781 d’nristote

132 3832 142 3859 a
165 3827 181 3863 a
196 3809 238 3862 ete
255 3825 359 3874 eonpue
375 3825 424 3878 par
438 3807 546 3873 Platon,
565 3812 591 3859 et
604 3798 705 3876 qu'elle
720 3812 762 3860 est
777 3823 812 3858 en
822 3823 916 3874 gernic
929 3806 999 3860 dans
1014 3808 1039 3860 16
1052 3807 1161 3861 Phedre
1178 3851 1194 3862 ..

134 3913 144 3942 u
166 3891 245 3946 Nous
266 3904 364 3957 avens
388 3889 457 3941 dans
479 3889 504 3940 16
528 3888 638 3940 Phedre
653 3887 687 3940 de
709 3887 818 3954 Platon,
838 3889 863 3940 16
883 3887 1019 3957 principat
1039 3894 1074 3954 et,
1100 3906 1134 3942 en
1160 3907 1198 3943 un

127 3993 136 4022 u
162 3970 265 4024 certain
282 3987 358 4036 sens,
375 3969 497 4038 l'unique
513 3967 677 4021 antecedent
690 3967 724 4020 de
736 3970 761 4020 la
775 3968 946 4037 Rhetorique
972 3991 981 4017 u
