2782 4734
600 569 777 668 -295

158 733 197 796 ut
225 731 335 796 totam
370 726 522 798 Socratis
565 727 815 812 cogitationem
849 728 1025 809 detegam,
1058 724 1224 793 minimus

158 837 299 922 patebat
314 852 440 901 sensus
452 833 512 918 (1).

213 940 354 1018 Lysiam
392 941 440 1026 (2)
488 939 599 1023 igitur
637 942 796 1007 Socrates
837 939 912 1025 J'am
956 937 1128 1024 judicavit
1164 943 1226 1006 aut

157 1046 351 1128 damnavit,
366 1066 476 1114 unum
496 1045 588 1113 inter
607 1044 710 1113 lisiae
744 1044 935 1132 discipulos
957 1045 1224 1113 celeberrimum

158 1173 261 1238 quem
282 1152 514 1222 Athenienses
536 1157 573 1220 ut
588 1151 796 1237 eloquentiae
817 1151 1028 1237 magistrum
1051 1156 1086 1219 et
1105 1154 1225 1219 soller-

158 1260 336 1327 tissimum
352 1258 550 1326 orationum
580 1258 786 1344 scriptorem
823 1259 1070 1343 aestimahant3
1107 1260 1225 1325 rhetor

158 1367 230 1448 ille,
248 1385 349 1451 quem
367 1367 537 1433 Phaedrus
554 1369 652 1432 tanta
683 1371 717 1432 et
744 1364 976 1433 admiratione
1003 1364 1226 1451 prosequitur

158 1479 193 1541 et
207 1472 363 1540 amicitia
378 1472 481 1552 fovet,
495 1471 531 1538 in
548 1474 651 1539 rebus
668 1472 802 1540 frivolis
818 1476 852 1540 et
864 1472 970 1556 nugis
986 1478 1123 1559 tempus
1143 1472 1226 1540 terit

158 1579 371 1664 ingenioque
387 1578 555 1660 abutitur,
574 1581 658 1646 dum
685 1584 799 1647 artem
826 1598 912 1665 opus
940 1579 1171 1665 componendi
1191 1585 1226 1648 et

154 1687 289 1773 justam
306 1686 459 1772 partium
479 1686 711 1753 oeconomiam
728 1687 866 1763 videtur
895 1686 1032 1754 nescire
1052 1695 1114 1754 aut
1133 1692 1226 1754 certe

159 1792 298 1860 omittit.

204 1904 303 1968 Nunc
334 1902 492 1967 Socrates
522 1900 731 1968 rhetoricam
763 1901 877 1986 ipsam
909 1901 1005 1987 petit.
1028 1905 1119 1982 Jam‚
1148 1921 1227 1986 quae

160 2027 215 2074 res
231 2011 286 2075 est
300 2006 498 2074 rhetorical
521 2033 533 2067 «
557 2011 650 2090 Ergo
673 2027 757 2075 num
778 2009 822 2074 ad
852 2027 1027 2076 summam
1053 2007 1227 2075 rhetorica

161 2140 177 2174 κ
203 2114 249 2181 sit
272 2133 331 2180 ars
356 2115 516 2199 quaedam
543 2114 689 2198 regendi
719 2114 855 2182 animos
881 2117 1067 2202 (ψυχαγωγία
1090 2117 1145 2199 τις)
1165 2135 1227 2202 per

68 2272 72 2279 .
161 2247 177 2281 «
203 2220 391 2302 orationes,
414 2240 482 2287 non
499 2223 613 2287 solum
629 2221 665 2287 in
677 2221 912 2289 tribunalibus
928 2236 962 2288 et
978 2223 1103 2290 ceteris
1115 2223 1226 2309 puhli-

161 2325 177 2387 (ὲ
204 2329 255 2395 cis
283 2327 444 2408 coetibus
467 2329 528 2394 sed
553 2327 588 2393 in
616 2327 822 2414 privatis..,t
844 2354 860 2389 »
883 2330 1053 2396 Phaedrus
1084 2334 1223 2396 contra:

160 2459 219 2500 «...
239 2437 283 2502 Ut
297 2433 472 2520 praecipue
487 2436 741 2519 quodammodo
755 2433 791 2500 in
803 2433 947 2522 judiciis
963 2434 1091 2503 dicitur
1103 2435 1226 2503 scribi-

161 2567 177 2599 «
204 2539 328 2625 turque
357 2542 551 2609 secundum
577 2546 747 2623 artem...,
770 2541 821 2608 sic
844 2561 979 2626 quoque
998 2541 1035 2609 in
1053 2542 1225 2609 concioni-

161 2672 177 2707 «
204 2648 310 2714 hus...
331 2648 394 2733 (3).
415 2671 431 2707 »
449 2650 500 2713 lta
519 2651 557 2714 ut
576 2647 671 2714 intra
687 2649 775 2715 fines
795 2668 900 2733 quam
917 2648 1135 2715 arctissimos
1152 2650 1227 2716 rhe-
1278 2729 1281 2734 Ι

80 2747 82 2753 ’
157 2753 269 2821 torica
284 2773 321 2821 se
341 2753 530 2835 contiueat,
554 2773 638 2822 usus
657 2753 703 2821 sit
721 2758 858 2822 tantum
878 2755 1019 2840 quidam
1039 2760 1074 2824 et
1093 2756 1226 2824 exerci-

157 2860 243 2927 tatio
278 2861 412 2928 ratione
449 2861 629 2943 destituta,
659 2865 762 2948 atque
793 2862 874 2929 inde
906 2882 961 2929 res
991 2863 1225 2950 paucissimas

157 2967 322 3052 attingat,
345 2969 486 3049 nedum,
512 2973 550 3035 ut
576 2988 696 3035 veram
726 2971 826 3036 decet
845 2969 1029 3036 scientiam
1049 2975 1084 3038 et
1105 2990 1225 3038 veram

157 3079 283 3155 artem,
318 3075 437 3142 omnia
481 3077 754 3161 comprehendat
793 3080 827 3143 et
866 3078 911 3142 ad
940 3077 1058 3144 omnia
1095 3079 1222 3145 valeat.

158 3183 317 3249 Socrates
339 3201 421 3250 vero
449 3184 493 3248 ad
513 3182 613 3264 illud,
628 3184 719 3267 quod
741 3184 898 3251 rhetores
919 3183 987 3270 ipsi
1002 3187 1223 3270 profitentur,

157 3290 316 3373 quodque
331 3287 363 3355 ei
384 3287 470 3355 satis
492 3289 538 3356 sit
554 3293 590 3356 ut
605 3288 815 3356 rhetoricam
831 3289 1012 3376 despiciat,
1027 3310 1095 3357 non
1114 3295 1225 3359 atten-

193 3557 288 3627 (ltus.
305 3557 506 3626 Paaeut=.,260
520 3559 551 3625 B,
568 3559 598 3626 (Ι,
620 3558 666 3612 uhi
696 3559 823 3612 Socrates
853 3575 901 3612 eos
928 3558 1035 3613 deridet
1063 3560 1111 3630 qui
1141 3559 1225 3614 vilem

159 3639 277 3692 asellum
306 3654 357 3708 pro
386 3644 500 3692 strenuo
517 3645 543 3692 et
571 3638 657 3692 nobili
687 3654 759 3708 equo
788 3639 925 3692 aestiment
952 3646 978 3694 et
993 3648 1099 3695 emant:
1132 3658 1224 3695 nonne¹

157 3719 223 3772 item
238 3718 335 3788 Lysias
349 3718 493 3772 hominem
508 3717 640 3787 frigidum
657 3724 684 3772 et
697 3719 801 3772 amoris
816 3725 957 3789 expertem
974 3737 1024 3791 pro
1052 3721 1111 3774 viro
1141 3739 1224 3791 quem

159 3815 239 3852 unior
254 3797 376 3852 incendit
391 3799 528 3852 collaudat
543 3805 569 3851 et
586 3798 736 3869 praedicati

194 3879 220 3933 (2
246 3879 286 3933 Cf.
306 3879 337 3932 G.
355 3879 465 3946 GROTE,
486 3879 568 3932 Pluto
584 3880 645 3931 (irari
663 3881 709 3932 roo
725 3880 853 3948 other...‚
868 3881 902 3948 ΙΙ,
921 3881 1042 3951 pagAEB-'r
1058 3899 1119 3953 sqq.

194 3961 231 4032 (3)
252 3960 381 4028 Phaon,
396 3959 445 4013 261
463 3961 497 4029 A,
514 3961 544 4013 B.
